4450 6125
631 900 707 976 116
837 893 1148 973 Cantatorium
1178 895 1270 969 siue
1306 887 1555 970 Chronicon

626 1075 860 1086 ——·

625 1191 795 1253 dedicavit
807 1197 828 1264 ¹,
848 1200 884 1251 ut
903 1206 970 1248 non
985 1185 1253 1265 archiepiscopo,
1272 1201 1341 1245 non
1359 1183 1529 1262 episcopo,
1544 1200 1611 1244 non
1627 1182 1779 1245 cuilibet

626 1293 746 1371 majori
773 1291 824 1353 vel
856 1290 980 1351 minori
1008 1304 1147 1367 persone
1172 1287 1271 1347 liceat
1292 1285 1414 1347 missas
1438 1285 1609 1347 celebrare
1633 1285 1672 1346 in
1695 1284 1779 1363 ipso

622 1395 740 1465 altari,
758 1393 822 1454 nisi
838 1390 1095 1470 archiepiscopo
1111 1386 1270 1449 Remensi
1286 1396 1319 1447 et
1334 1386 1390 1447 cui
1406 1386 1522 1458 abbas,
1539 1402 1608 1447 non
1623 1385 1777 1466 quidem

623 1506 762 1567 temere,
780 1493 837 1554 sed
854 1508 1020 1553 consensu
1036 1487 1195 1559 fratrum,
1214 1486 1418 1566 permiserit.
1437 1485 1577 1566 Septem
1593 1503 1675 1547 vero
1694 1503 1778 1548 car·

623 1594 755 1655 dinales
770 1595 811 1654 ad
828 1593 921 1653 hunc
938 1593 1104 1651 honorem
1119 1587 1288 1665 assumpti
1305 1587 1439 1667 publica
1454 1587 1617 1649 electione
1638 1588 1777 1666 premi-

623 1702 705 1756 nent
720 1695 756 1754 in
776 1703 846 1755 tota
862 1689 1137 1771 congregatione,
1155 1698 1188 1748 et
1208 1687 1306 1748 liberi
1326 1705 1345 1748 a
1365 1687 1485 1749 ceteris
1504 1685 1624 1748 officiis
1640 1687 1778 1769 quibus

622 1797 772 1858 vicissim
798 1796 1009 1871 deputantur
1035 1789 1108 1863 alii,
1137 1788 1355 1850 solummodo
1383 1787 1582 1851 deserviunt
1610 1789 1778 1868 predicto

622 1897 722 1958 altari
737 1896 773 1957 in
791 1894 884 1957 festis
899 1893 1035 1965 diebus,
1054 1890 1199 1952 baltheis
1215 1897 1349 1951 utentes
1364 1899 1398 1950 et
1414 1888 1520 1950 trium
1540 1889 1776 1953 diaconorum

622 1997 838 2077 totidemque
870 1993 1162 2055 subdiaconorum
1190 2000 1225 2052 et
1254 1990 1486 2052 acholitorum
1515 1991 1776 2071 processionem

624 2099 800 2159 habentes.

664 2293 724 2350 47.
741 2283 818 2365 (59.)
833 2283 958 2347 Audita
974 2289 1055 2344 sunt
1069 2281 1186 2343 omnia
1202 2281 1293 2361 apud
1310 2279 1477 2342 Sanctum
1494 2281 1691 2342 Hubertum
1703 2298 1777 2362 que

624 2392 809 2450 evenerant
835 2385 876 2446 de
903 2383 1103 2455 Lamberto,
1131 2400 1235 2462 quem
1261 2380 1494 2443 Theodericus
1518 2380 1625 2443 abbas
1649 2398 1776 2476 secum

623 2701 764 2735 succensus
774 2685 915 2735 charitatis
928 2687 1044 2748 visitavi,
1055 2692 1080 2734 et
1091 2685 1197 2735 Divina
1209 2685 1391 2735 misericordia
1401 2700 1442 2734 rne
1448 2684 1645 2752 praeveniente,
1658 2688 1779 2753 utpotui

623 2772 769 2825 emendavi,
793 2772 829 2820 ad
849 2771 919 2821 leam
943 2771 1010 2821 beati
1031 2771 1153 2837 Remigii
1171 2771 1307 2821 ecclesiam
1328 2772 1511 2834 dedicandam,
1535 2771 1566 2820 de
1584 2769 1777 2822 ecclesiasticis

623 2857 702 2905 etiam
715 2859 803 2905 causis
815 2864 982 2906 tractaturus
994 2865 1017 2906 et
1030 2857 1198 2924 diffiniturus
1208 2858 1314 2921 adveni,
1327 2857 1459 2922 confidens
1469 2857 1648 2907 sanctissimis
1664 2859 1778 2907 meritis
1814 2871 1843 2922 15

623 2944 707 3007 ipsius
729 2943 858 3006 adjuvari
873 2944 909 2992 ad
928 2942 1095 2993 obtinendam
1117 2943 1171 2993 Dei
1193 2945 1415 3007 miscricordiam,
1437 2946 1462 2993 si
1482 2943 1587 3011 aliquid
1608 2943 1727 3010 dignum
1752 2953 1779 2994 et

624 3025 792 3077 memorabile
804 3030 903 3093 egerim
915 3027 951 3077 ad
963 3029 1046 3095 ipsius
1058 3027 1182 3078 honorem
1194 3036 1218 3078 et
1232 3027 1358 3096 gloriam.
1376 3028 1438 3080 Hac
1455 3030 1540 3095 igitur
1555 3028 1675 3079 dedicata
1691 3029 1779 3081 eccle-

622 3116 674 3177 sia,
690 3114 794 3181 placuit
811 3114 875 3164 leuic
891 3116 982 3164 idonea
1000 3123 1024 3165 et
1042 3113 1188 3165 laudabilia
1204 3118 1371 3165 auctoritatis
1383 3122 1408 3166 et
1416 3123 1503 3166 nostre
1515 3118 1675 3166 visitationis
1686 3117 1778 3168 relin-

623 3216 700 3267 quere
712 3209 892 3251 monumenta.
905 3201 1091 3252 Deliberamus
1104 3204 1190 3269 itaque
1202 3209 1227 3251 et
1238 3219 1328 3252 coram
1340 3202 1389 3252 leac
1398 3211 1490 3252 sancta
1500 3202 1604 3266 Synodo
1611 3204 1778 3272 prornulga·

623 3304 694 3351 ireres,
712 3290 857 3337 statuimus
876 3296 899 3337 et
916 3288 1120 3353 confirmamus,
1141 3297 1170 3338 ut
1191 3289 1255 3338 aaa
1275 3288 1382 3339 ecclesia
1401 3289 1449 3339 leoc
1469 3288 1644 3357 privilegium
1664 3299 1777 3341 nostrae
1808 3302 1844 3339 ιο

622 3377 789 3425 auctoritatis
812 3392 895 3441 supra
912 3384 1018 3426 ceteras
1035 3375 1169 3425 Franciae
1184 3376 1304 3426 ecclesias
1325 3375 1427 3439 lrabeat,
1443 3382 1573 3443 quatenus
1594 3375 1672 3428 nulla
1693 3377 1778 3428 eccle·

622 3462 725 3510 siastici
739 3461 840 3510 ordinis
860 3478 958 3526 magna
978 3461 1019 3510 vel
1031 3466 1118 3529 parva
1132 3467 1245 3529 persona
1264 3464 1291 3511 in
1309 3462 1357 3512 leoc
1372 3461 1458 3512 altari
1474 3463 1542 3529 quod
1555 3467 1778 3517 consecravimus

624 3550 733 3598 missam
747 3547 875 3598 celebrare
887 3553 1051 3616 praesumat,
1064 3550 1118 3597 nisi
1129 3548 1277 3599 Remorum
1289 3549 1500 3616 archiepiscopus
1508 3558 1533 3600 et
1541 3549 1687 3611 liujusloci
1693 3553 1778 3606 abbas

622 3643 646 3683 et
662 3637 708 3684 cui
723 3634 859 3685 licentiam
871 3636 1000 3698 concedet,
1017 3637 1148 3702 permissa
1160 3636 1250 3685 cadem
1263 3635 1371 3686 lieentia
1388 3638 1522 3687 canonicis
1535 3635 1677 3689 Remensis
1693 3640 1778 3692 eccle

622 3723 676 3770 ,siae
693 3720 730 3770 bis
749 3724 777 3770 in
793 3739 873 3783 anno,
889 3724 916 3771 in
936 3721 1042 3771 Pascha
1059 3721 1159 3771 scilicet
1175 3730 1199 3771 et
1216 3724 1244 3770 in
1263 3722 1465 3787 Rogationibus,
1482 3730 1578 3789 septem
1594 3723 1779 3792 praesbyteris
1809 3738 1842 3791 25

623 3806 748 3870 legitimis
765 3809 801 3856 ad
817 3808 864 3858 lioc
878 3808 996 3874 officium
1013 3809 1155 3873 deputatis,
1174 3824 1237 3875 quos
1253 3817 1277 3858 rt
1294 3810 1403 3859 scientia
1421 3816 1506 3873 ornet,
1525 3825 1632 3861 morum
1646 3816 1778 3877 gravitas

623 3900 646 3940 rt
659 3894 726 3940 vine
739 3892 856 3959 probitas
872 3895 1044 3949 rarrernendct.
1055 3894 1205 3956 Praeterea,
1220 3898 1283 3963 puio
1295 3896 1358 3946 leaee
1373 3895 1480 3946 ccclesia
1491 3896 1523 3947 ab
1535 3899 1638 3966 iniquis
1643 3903 1778 3969 pervaso-

623 3975 696 4025 ribus
709 3995 802 4044 graees
818 3987 842 4027 et
859 3979 1019 4044 rreieltipa'ces
1037 3996 1150 4031 suarum
1169 3997 1262 4031 rerum
1279 3990 1316 4031 est
1332 3987 1411 4050 passa
1431 3984 1560 4047 injurias,
1575 4000 1608 4034 ree
1625 3986 1776 4053 quisquam

622 4062 715 4112 aneodo
733 4062 804 4114 vittis
822 4063 889 4113 beati
907 4064 1026 4130 Rernepii
1042 4083 1106 4132 quas
1116 4068 1239 4134 possidet,
1254 4068 1295 4117 vel
1307 4068 1455 4136 possidebit,
1468 4076 1517 4119 aut
1527 4068 1681 4121 horninibus
1694 4073 1776 4124 intra

623 4149 665 4199 vel
673 4158 749 4200 estro
762 4153 832 4216 ipsas
845 4151 922 4201 villas
934 4154 1039 4220 positis,
1047 4171 1142 4219 graves
1153 4156 1353 4204 consuetudines
1362 4156 1482 4221 imponat
1489 4163 1513 4205 ct
1521 4156 1639 4222 iniquas,
1650 4161 1776 4210 auctori·
1807 4176 1842 4228 30

623 4243 674 4285 tate
684 4236 753 4287 beati
763 4236 841 4288 Petri
851 4237 1039 4304 Apostolorum
1053 4238 1193 4306 Principis
1205 4239 1385 4309 prohibemus,
1399 4247 1423 4289 et
1440 4256 1506 4307 quar
1521 4239 1652 4292 batenus
1668 4244 1777 4308 injuste

614 4322 725 4386 suerint
742 4326 878 4391 impositae
895 4326 983 4375 eadem
1008 4334 1099 4376 sarecto
1118 4334 1141 4375 et
1159 4325 1307 4376 ineviolabili
1328 4328 1484 4376 auctoritate
1501 4343 1534 4376 ne
1551 4325 1667 4378 ulterius
1678 4330 1774 4397 fiant,

622 4409 816 4471 interdicimus,
830 4419 932 4460 servata
945 4410 994 4460 liae
1008 4414 1036 4459 in
1048 4411 1170 4462 erunibus
1182 4413 1347 4475 auctoritate,
1363 4420 1392 4461 ut
1404 4412 1604 4463 consuetudines
1615 4430 1684 4480 quae
1694 4417 1777 4480 juste

621 4495 646 4541 ei
656 4497 805 4560 antiquitus
817 4503 880 4544 stent
892 4499 1049 4546 constitutae
1060 4506 1135 4547 ratae
1143 4504 1320 4566 permaneant
1331 4507 1355 4549 et
1368 4498 1519 4551 inviolatae.

657 4588 663 4613 ¹
687 4580 729 4631 En
746 4596 817 4646 ¹0⁴9,
832 4582 858 4632 le
871 4596 883 4631 2
898 4583 1024 4645 octobre,
1039 4584 1117 4636 Leon
1131 4585 1180 4647 lx,
1196 4585 1367 4636 recemmcnt
1379 4585 1487 4637 elevea
1504 4585 1530 4636 la
1548 4586 1682 4653 papante,
1695 4603 1775 4642 con·
1805 4606 1838 4660 35

620 4680 696 4716 sacra
714 4666 820 4733 l’eglise
834 4671 1020 4720 reconstruite
1032 4671 1067 4721 de
1086 4671 1273 4732 Salui-Remu
1292 4672 1359 4722 c'csl
1375 4674 1390 4722 'a
1407 4680 1481 4723 cette
1498 4672 1639 4734 occasion,
1652 4687 1772 4729 comme

619 4751 646 4802 le
658 4752 698 4802 dit
712 4764 793 4805 notre
805 4755 966 4823 Chronipue,
977 4774 1032 4823 que
1045 4757 1085 4808 lut
1099 4759 1221 4810 concede
1232 4759 1258 4809 le
1268 4760 1404 4827 privilege
1413 4760 1483 4810 dont
1493 4759 1513 4809 il
1526 4758 1605 4828 s'agit
1615 4760 1768 4815 ci·dessus.

621 4837 691 4904 Vuy.
716 4841 849 4903 Matthol',
871 4841 1025 4908 Metropolis
1050 4843 1190 4894 Rernensis
1216 4844 1351 4907 Historia,
1370 4855 1392 4900 t.
1411 4845 1448 4906 ll,
1467 4861 1515 4912 pp.
1535 4846 1568 4898 88
1588 4854 1617 4897 el
1639 4845 1684 4914 96.
1704 4847 1767 4904 Cir.

617 4923 719 4986 lauri,
732 4925 845 4993 Regesta
854 4929 1012 4995 pontificum
1026 4929 1223 4993 Romanorum,
1237 4948 1264 4999 p.
1280 4932 1338 4998 369.
