4450 6125
580 810 662 916 246
792 811 1103 892 Commorim
1132 814 1225 892 sive
1261 810 1509 893 Chronieon

460 1135 530 1181 nor.
576 1111 753 1190 injuriam,
776 1108 839 1170 nisi
862 1107 1001 1170 honoris
1019 1107 1072 1170 sui
1092 1115 1127 1169 et
1147 1106 1324 1187 potestatis
1342 1107 1524 1171 interdicta
1538 1109 1716 1191 dignitate,

577 1215 660 1275 satis
679 1210 839 1274 renitenti
860 1207 1076 1288 preferentes,
1098 1208 1240 1269 tandem
1260 1225 1279 1269 a
1298 1209 1466 1271 sententia
1485 1209 1715 1276 deduxerunt.

579 1315 634 1378 Sic
660 1314 776 1375 Bruno
802 1310 931 1371 ratione
952 1309 1139 1380 convictae,
1163 1310 1325 1391 quicquid
1346 1309 1497 1373 indebite
1518 1313 1718 1386 exactionis,

577 1412 741 1497 quicquid
758 1410 929 1484 clamoris,
946 1409 1107 1492 quiequid
1125 1410 1271 1487 alicujus
1285 1410 1516 1473 insectationis
1527 1413 1580 1476 vel
1597 1412 1720 1477 infrac-

579 1516 692 1584 tionis,
723 1513 775 1575 vel
807 1512 943 1592 proprio
971 1520 1097 1573 conatu
1125 1513 1177 1572 vel
1208 1515 1347 1575 hortatu
1373 1514 1525 1577 alterius.
1554 1514 1721 1579 adversus
1761 1525 1772 1575 5

578 1616 754 1680 ecclesiam
781 1613 902 1675 fecerat
929 1612 981 1673 vel
1006 1610 1115 1674 facere
1139 1612 1350 1687 intendebat,
1373 1612 1499 1693 injuste
1527 1632 1564 1677 se
1591 1614 1720 1691 fecisse,

579 1716 739 1798 publice«
755 1714 951 1795 recognovit
966 1723 999 1774 et
1015 1714 1173 1793 penituit,
1191 1724 1224 1775 et
1244 1713 1379 1797 nequis
1397 1731 1435 1775 ea
1451 1715 1578 1776 amodo
1591 1727 1721 1797 ageret,

579 1817 716 1880 bannali
749 1815 951 1878 auctoritate
979 1813 992 1852 ὁ
1026 1814 1220 1888 interdixit,
1254 1815 1407 1897 itemque
1442 1814 1723 1880 interdicendum

579 1919 704 1981 Alardo
718 1919 846 1979 decano
861 1917 896 1976 in
911 1925 1081 1977 conventu
1097 1915 1314 1977 sacerdotum
1336 1934 1397 1977 sue
1416 1916 1640 1993 subjectionis
1663 1936 1722 1997 per

577 2017 1139 2081 obedientiamedixitAlardusin
1152 2016 1307 2097 sequenti
1318 2015 1721 2097 natalitioapostolorum
1750 2035 1777 2070 ¹0

579 2121 671 2182 Petri
697 2130 729 2181 et
757 2119 869 2192 Pauli,
899 2117 1060 2180 bannales
1083 2134 1199 2179 cruces
1227 2117 1477 2179 deducentibus
1505 2118 1721 2196 presbiteris,

577 2239 657 2283 cum
684 2220 904 2281 exsolvissent
929 2218 1121 2280 oblationes
1144 2217 1257 2280 debite
1286 2216 1487 2289 devotionis,
1517 2217 1552 2279 in
1584 2219 1722 2298 publico

578 2339 699 2383 eorum
718 2329 901 2392 conventu,
921 2319 1119 2394 adjudicato
1138 2318 1201 2379 sibi
1223 2336 1387 2381 consensu
1410 2318 1582 2396 omnium,
1607 2320 1722 2382 baono

577 2422 727 2484 edictum
744 2421 1006 2483 archidiaconali
1022 2421 1064 2481 de
1080 2420 1251 2500 recognita
1269 2438 1348 2499 pace
1363 2430 1397 2483 et
1411 2420 1569 2483 libertate
1582 2421 1721 2484 ecclesie

579 2522 666 2584 beati
684 2521 828 2584 Huberti
844 2520 1072 2593 confirmavit,
1089 2531 1123 2582 et
1140 2539 1181 2582 ne
1195 2522 1273 2601 quis
1287 2521 1379 2582 idem
1397 2524 1551 2583 bannum
1569 2522 1723 2602 amplius
1752 2543 1825 2595 15:-

578 2620 789 2702 infringeret‚
805 2621 1128 2684 excommunicavit.

619 2824 680 2882 95.
698 2816 796 2895 (125.)
813 2823 910 2880 Anno
924 2819 1093 2880 incarnati
1108 2818 1209 2879 Verbi
1226 2818 1409 2881 millesimo
1423 2818 1614 2881 centesimo
1628 2820 1726 2900 quin·

581 2931 627 2994 to,
646 2921 836 2984 Richardus
850 2920 993 3002 quidam
1006 2921 1027 2990 ¹,
1041 2918 1224 2981 cardinalis
1237 2918 1377 2981 ecclesie
1393 2919 1558 2993 Romane,
1574 2921 1726 2984 conciliis

580 3021 719 3084 indictis
739 3022 860 3101 agebat
875 3037 936 3100 per
951 3020 1076 3083 Gallias
1095 3020 1296 3100 apostolicas
1311 3021 1413 3084 vices.
1430 3019 1495 3084 Cui
1515 3018 1729 3104 suffragante

582 3123 731 3186 Roberto
746 3123 953 3183 virdunensi
968 3122 990 3196 ²,
1008 3123 1066 3203 qui
1088 3122 1138 3183 illi
1160 3120 1374 3183 familiariter
1393 3122 1593 3198 adherebat,
1611 3123 1649 3185 in
1663 3123 1727 3186 eis·
1755 3147 1824 3184 κω

580 3223 661 3284 dem
684 3221 837 3284 conciliis
862 3222 1064 3284 declamavit
1087 3222 1317 3284 Theodericus
1342 3223 1499 3283 ordinem
1520 3239 1582 3285 sue
1613 3225 1729 3303 priva-

580 3324 694 3386 tionis.
719 3322 826 3402 Cujus
845 3342 946 3385 causa
966 3325 1051 3385 dum
1072 3324 1310 3396 ventilaretur,
1326 3341 1367 3384 er
1383 3322 1551 3385 sententia
1567 3321 1726 3386 fidelium

581 3424 731 3486 decrevit
754 3424 845 3484 idem
868 3424 1062 3496 cardinalis,
1082 3440 1141 3485 nec
1156 3424 1291 3497 debere,
1308 3440 1370 3484 nec
1385 3440 1481 3502 posse
1495 3422 1598 3486 illum
1615 3425 1725 3502 prela·

581 3525 684 3587 tionis
704 3544 764 3587 sue
786 3526 954 3606 dignitate
976 3523 1116 3604 privari,
1139 3542 1246 3606 quam
1267 3523 1372 3585 nimis
1397 3523 1593 3587 inconsulte
1618 3523 1727 3588 inter-

581 3626 712 3687 misisse
734 3626 927 3697 videbatur,
951 3627 996 3685 ob
1016 3625 1248 3687 defensionem
1274 3625 1428 3688 veritatis
1454 3633 1488 3688 et
1517 3624 1723 3690 fidelitatem
1755 3649 1781 3699 ²·.

613 3821 639 3856 n.
660 3802 739 3852 Dans
759 3805 796 3858 xl,
819 3821 851 3853 nn
872 3804 904 3853 lit
924 3804 1058 3870 plublice,
1079 3807 1251 3872 corrige‘pnr
1270 3805 1523 3870 canonizationes
1547 3802 1674 3869 publioe.
1695 3831 1727 3842 -

580 3887 603 3940 b.
624 3889 703 3938 liras
716 3891 752 3945 .l,
768 3907 800 3939 arr
814 3889 846 3939 lit
857 3892 1060 3952 auctoriritate,
1074 3893 1177 3956 corrige
1186 3896 1239 3958 par
1251 3891 1454 3957 exponetuation
1466 3906 1498 3940 en
1511 3891 1693 3944 auctoritate.

616 4182 623 4208 ¹
643 4174 775 4236 Richard,
790 4175 898 4243 et'eque
910 4178 947 4228 du
960 4177 1035 4244 sie'ge
1047 4178 1241 4230 suburbicaire
1252 4176 1403 4239 d'Albauo,
1417 4175 1492 4245 legar
1502 4175 1538 4228 de
1551 4174 1649 4229 Pascal
1660 4175 1687 4228 11
1696 4185 1724 4228 et

580 4261 760 4312 intimernent
774 4263 820 4324 lle,
835 4267 850 4313 it
862 4279 893 4315 ce
906 4266 982 4326 titre,
1001 4268 1017 4315 a
1034 4264 1173 4317 l'histuire
1183 4265 1233 4316 des
1250 4264 1395 4315 derni‘eres
1412 4263 1516 4316 anneot
1532 4261 1656 4314 d'Henri
1670 4261 1722 4321 IV:

581 4365 645 4416 roy.
661 4349 768 4400 Marna
783 4365 839 4401 ron·
855 4351 992 4412 lixoxar,
1007 4369 1081 4404 onor.
1095 4356 1153 4413 crit,
1169 4361 1188 4405 t.
1203 4353 1236 4414 t',
1251 4368 1299 4418 pp.
1315 4363 1424 4415 253·²54
1437 4359 1466 4402 et
1475 4351 1590 4420 passim.

613 4442 622 4468 ²
643 4434 664 4484 ll
678 4437 754 4499 s'agit
771 4438 985 4503 probablenrent
998 4438 1032 4488 de
1047 4439 1164 4500 liubert,
1179 4439 1314 4506 religieux
1327 4438 1362 4489 de
1373 4435 1579 4488 Setini-Hubert
1588 4444 1618 4487 et
1626 4436 1722 4503 prieur
1750 4445 1824 4494 Ξ..

579 4519 614 4569 de
627 4522 712 4580 (ulls,
726 4524 793 4572 dont
810 4523 834 4573 la
850 4525 1002 4591 Clerurrr'quc
1013 4541 1085 4576 nous
1097 4525 1234 4591 apprend,
1254 4541 1280 4591 p.
1301 4538 1342 4590 27,
1355 4543 1375 4584 rr,
1394 4523 1462 4590 qu'il
1481 4522 1549 4574 etait
1566 4523 1642 4574 aussi
1659 4521 1721 4574 chl-

579 4606 664 4656 nuine
685 4609 719 4658 (le
741 4609 846 4672 l’oglrn·
867 4611 901 4660 de
924 4611 1048 4661 l'erdun.
1075 4611 1248 4678 llernarquez
1270 4627 1304 4662 en
1324 4609 1391 4661 ellet
1414 4608 1513 4676 quola
1534 4617 1668 4660 sentence
1687 4607 1722 4658 de

580 4691 702 4743 Richanl
720 4695 760 4745 lut
778 4698 995 4764 connnuniquie
1012 4702 1027 4748 ir
1044 4699 1259 4759 Saint-llubert,
1272 4699 1343 4750 ainsi
1358 4697 1451 4765 quola
1469 4696 1621 4764 chronique
1631 4695 1657 4746 le
1667 4693 1719 4752 dit,

579 4795 607 4845 p.
622 4793 679 4844 247.
695 4798 744 4846 par
762 4783 867 4834 llolrert
886 4786 989 4846 moine,
1004 4785 1133 4835 Refertur
1146 4785 1299 4844 rrronrrclrns,
1320 4784 1411 4852 lequel
1426 4781 1717 4836 t'raisembhbloment

579 4882 613 4916 nt·
628 4866 673 4916 fail
689 4869 773 4934 ιμιίηι
787 4887 853 4919 ari-c
867 4870 995 4920 li'ofcrtrrs
1015 4871 1196 4922 l'r'rrfrrrrcrrsr'r
1796 4909 1824 4920 .-
