4450 6125
615 853 697 955 234
825 853 1136 934 Cantatorium
1167 859 1260 935 sive
1295 854 1545 936 Chronieon

613 1151 769 1212 Olberlus
784 1151 918 1229 quidam
933 1151 1018 1210 dono
1033 1150 1171 1210 Henrici
1184 1151 1266 1211 dicti
1281 1149 1382 1229 regis,
1398 1165 1473 1208 cum
1488 1163 1553 1225 quo
1568 1147 1603 1205 in
1619 1144 1756 1222 expe-ii-

523 1280 526 1285 ·
613 1256 700 1314 tione
728 1257 843 1312 contra
872 1250 1056 1311 Romanam
1085 1250 1265 1311 Ecclesiam
1294 1251 1499 1321 morabatur,
1529 1250 1756 1324 episcopatum

612 1353 745 1423 invasit,
762 1358 790 1410 et
806 1352 864 1410 hoc
879 1351 948 1409 sine
963 1354 1118 1410 canonica
1134 1352 1284 1411 electione
1297 1351 1378 1410 cleri
1391 1355 1421 1409 et
1435 1349 1561 1426 populi.
1586 1346 1655 1421 Qui
1676 1366 1755 1408 cum

610 1471 644 1514 se
660 1452 830 1529 salitorem
856 1456 884 1510 et
909 1452 1107 1525 defensorem
1132 1450 1285 1513 Guiberti
1309 1452 1510 1512 heresiarche
1530 1450 1660 1529 publice
1680 1448 1756 1528 jac·

611 1558 706 1625 tarel,
723 1564 753 1612 ee
767 1552 978 1631 quamplura,
994 1571 1056 1631 que
1071 1571 1136 1611 non
1157 1558 1236 1613 sunt
1259 1559 1368 1615 nostre
1387 1553 1618 1627 accusationis,
1634 1558 1755 1615 contra
1802 1565 1815 1616 s

610 1671 721 1714 sacros
741 1670 877 1713 canones
899 1653 942 1711 ad
963 1652 1187 1727 confusionem
1209 1655 1457 1716 ecclesiasticam
1480 1660 1597 1715 temere
1617 1654 1756 1716 exordi-

611 1761 715 1824 naret,
734 1772 832 1813 causa
849 1755 979 1812 timoris
995 1754 1056 1813 Dei
1070 1760 1100 1812 et
1113 1756 1315 1833 apostolatus
1336 1757 1438 1817 vestri
1457 1756 1566 1815 visum
1586 1761 1633 1815 est
1655 1755 1755 1817 nobis

608 1855 803 1933 subjectioni
825 1853 895 1931 eju:
919 1872 976 1914 nos
997 1867 1012 1891 ⁶
1034 1854 1239 1927 subtrahere,
1256 1854 1352 1934 cujus
1376 1855 1526 1916 violentie
1540 1873 1605 1916 non
1621 1860 1756 1933 potera·

607 1975 681 2017 mus
703 1958 864 2017 resistere.
888 1955 1027 2015 Eductis
1048 1962 1158 2015 autem
1181 1956 1586 2036 nobiscumlquihusaam
1598 1956 1754 2031 teatrum

607 2061 809 2125 nostrorum,
834 2072 891 2128 per
914 2055 1011 2114 cellas
1033 2061 1162 2116 nostras
1183 2057 1388 2130 divertimus,
1420 2077 1502 2136 quas
1530 2057 1567 2118 in
1597 2057 1756 2119 Remensi
1786 2067 1818 2105 ¹⁰

606 2162 636 2216 et
652 2156 867 2216 Laudunensi
881 2155 1040 2231 episcopio
1056 2156 1250 2218 habebamus
1285 2157 1336 2219 lbi
1356 2159 1489 2219 interim
1512 2176 1569 2232 per
1588 2159 1754 2220 domnum

607 2256 852 2334 Raginoldum,
897 2255 1076 2315 Remorum
1118 2257 1321 2335 episcopum,
1364 2277 1486 2338 perque
1527 2258 1753 2320 venerabilem

606 2357 795 2435 liugonein,
810 2356 1088 2432 Lugdunensium
1105 2359 1278 2428 primatem
1289 2364 1320 2418 et
1331 2359 1430 2436 hujus
1442 2359 1589 2420 Romane
1602 2360 1755 2421 Ecclesie

606 2460 763 2538 legatum,
782 2459 817 2517 in
833 2459 1015 2518 sententias
1034 2476 1134 2536 quam
1149 2461 1333 2520 tenebamus
1348 2458 1550 2535 confirmati,
1566 2460 1647 2520 adeo
1668 2477 1752 2536 pro-

605 2562 790 2622 vocavimus
811 2561 983 2618 adversum
1007 2578 1064 2619 nos
1087 2561 1172 2619 iram
1199 2560 1337 2632 Other-ti,
1354 2567 1390 2621 ut
1406 2560 1533 2630 publice
1555 2561 1653 2640 quasi
1673 2561 1752 2622 ino·
1786 2575 1815 2627 ¹5

606 2660 764 2723 bedientes
786 2662 850 2720 sibi
871 2680 929 2720 nos
952 2661 1264 2733 excommunicaret,
1280 2668 1310 2722 et
1326 2662 1429 2722 locato
1438 2661 1568 2742 judicio
1582 2680 1749 2742 quorum·

603 2764 679 2823 dam
706 2762 857 2823 abbafum
884 2769 914 2822 et
939 2762 1253 2823 archidiaconorum
1281 2781 1421 2823 suorum
1442 2762 1591 2835 'efficium
1619 2763 1754 2826 abbatis

604 2864 740 2923 omnino
766 2863 857 2922 nobis
881 2863 1098 2923 interdiceret.
1124 2864 1201 2924 Inde
1220 2862 1369 2939 juvenem
1383 2866 1556 2944 quemdam
1575 2864 1754 2929 Lobiensis

604 2963 729 3024 cenobii
745 2964 765 3032 ¹,
779 2965 850 3023 sine
863 2965 1016 3041 regulari
1026 2967 1189 3035 electione,
1204 2966 1274 3025 loco
1286 2972 1396 3026 nostro
1410 2966 1592 3037 substituit,
1605 2984 1754 3047 eumque

540 3061 549 3078 ⁰
603 3064 898 3124 contradicentibus
913 3064 1088 3142 Jratribus
1110 3065 1268 3125 violenter
1290 3068 1440 3145 ingessit.
1464 3065 1569 3144 Cujus
1581 3067 1753 3146 juvenili·
1785 3078 1821 3116 ²0

603 3164 662 3225 bus
679 3164 813 3243 ideoque
827 3165 1050 3240 incompoitis
1072 3166 1233 3240 moribus,
1250 3185 1308 3244 per
1324 3167 1490 3229 biennium
1505 3168 1576 3245 sere
1589 3187 1656 3249 quo
1669 3188 1753 3248 pre·

601 3263 681 3341 fuit.
698 3265 868 3337 dissipatis
884 3264 979 3324 rebus
993 3266 1229 3337 ecelesiasticis,
1247 3265 1367 3345 religio
1383 3286 1511 3347 quoque
1532 3287 1594 3347 que
1613 3269 1650 3329 in
1673 3269 1753 3333 loco

602 3366 709 3427 eodem
732 3368 878 3444 gloriose
899 3367 1027 3445 vigebat
1046 3370 1195 3443 deperiit.
1224 3368 1315 3429 Unde
1336 3362 1524 3443 compulsus
1547 3369 1705 3433 Olbertus
1728 3393 1751 3434 a

601 3469 681 3527 duce
698 3465 875 3541 Godetrito
896 3468 1036 3545 aliisque
1056 3469 1225 3545 provincie
1246 3469 1464 3546 principibus,
1480 3489 1563 3549 quos
1578 3473 1751 3549 gravabat

600 3565 744 3647 ejusdem
771 3569 835 3627 loci
859 3569 1028 3636 dispersio,
1056 3568 1154 3627 illum
1180 3587 1278 3629 suum
1303 3568 1396 3646 ejecit
1418 3588 1458 3630 ex
1485 3589 1532 3633 eo.
1563 3570 1620 3632 Sic
1648 3573 1750 3638 uobis
1780 3578 1815 3631 25

600 3674 725 3746 patente
754 3669 823 3727 loco
852 3669 1041 3736 revertendi,
1068 3687 1142 3728 cum
1172 3671 1357 3731 rediremus
1381 3672 1425 3731 ad
1446 3670 1573 3747 fratres
1598 3679 1747 3749 nostros,

601 3769 828 3829 revocantibus
850 3770 907 3840 eis,
925 3769 1122 3847 indignatus
1143 3771 1317 3831 adversum
1339 3791 1397 3833 nos
1420 3771 1576 3835 Olbertus
1589 3792 1666 3837 cum
1680 3796 1749 3838 au·

599 3870 698 3929 disset
724 3889 781 3928 nos
806 3869 893 3946 sorte
917 3868 1098 3947 infirmari,
1126 3871 1329 3945 sepulturam
1352 3891 1556 3935 communem
1583 3876 1691 3951 nobis,
1716 3880 1752 3940 si

600 3987 816 4038 moreremur,
840 3970 1026 4040 interdixit,
1050 3970 1215 4032 ministris
1240 3971 1368 4033 abbatie
1393 3993 1432 4034 ne
1455 3974 1547 4036 nobis
1569 3974 1748 4041 obedirent

598 4070 780 4149 prohibuit,
809 4071 981 4131 monachos
1001 4070 1115 4149 ejicere
1130 4070 1148 4109 ‘²
1165 4078 1194 4132 et
1215 4091 1277 4151 pro
1297 4076 1344 4134 eis
1364 4076 1497 4135 clericos
1520 4093 1690 4154 reponere,
1715 4086 1749 4141 et
1780 4084 1817 4134 30

599 4172 814 4249 possessiones
836 4172 1065 4233 ecclesiasticas
1087 4174 1251 4234 militibus
1273 4176 1343 4236 suis
1364 4176 1519 4249 dividere,
1537 4177 1607 4237 nisi
1621 4180 1751 4241 recede-

600 4290 722 4345 remus,
746 4273 883 4347 juravit.
913 4272 984 4333 Nos
1013 4291 1088 4333 vero
1112 4275 1225 4335 dantes
1251 4275 1358 4335 locum
1382 4277 1442 4344 ire,
1465 4294 1539 4335 cum
1564 4277 1751 4342 imminens

1213 4364 1226 4388 .

633 4488 658 4520 a.
679 4487 730 4520 nos
744 4475 828 4532 rlpih‘
844 4472 909 4519 diens
922 4472 958 4520 .1.
972 4500 1004 4509 -
1022 4470 1044 4519 b.
1065 4471 1145 4521 Dans
1161 4473 1198 4529 Α,
1218 4490 1250 4522 on
1267 4473 1299 4523 lit
1314 4473 1460 4525 nobiscum
1477 4482 1571 4524 autem
1589 4475 1700 4542 corrigi
1715 4495 1750 4529 en

599 4572 623 4606 a.
637 4572 665 4606 n.
681 4587 708 4592 —
729 4574 751 4608 c.
771 4559 938 4608 senuntium
952 4558 988 4610 Α.
1003 4587 1035 4595 -
1054 4559 1079 4610 d.
1098 4559 1190 4609 eicere
1201 4561 1238 4610 A.

631 4889 638 4915 ¹
659 4882 826 4948 lngobrand.
840 4883 984 4943 ci-dcssus,
998 4898 1045 4949 pp.
1062 4895 1107 4947 170
1121 4897 1148 4934 ct
1160 4886 1232 4934 suiv.
