4450 6125
875 914 1029 996 Sancti
1057 915 1268 997 Habenti.
1597 921 1645 1000 51

511 1210 676 1290 temporis
698 1211 898 1274 morabatur
914 1210 1040 1285 leodii,
1059 1213 1092 1273 in
1110 1229 1235 1293 magna
1256 1212 1366 1293 gloria
1379 1223 1413 1274 et
1428 1213 1541 1276 leticia
1556 1216 1652 1278 dedi·

511 1310 609 1374 cavit.
629 1308 771 1374 Perfecit
785 1310 888 1373 etiam
912 1310 1083 1389 predictus
1098 1312 1203 1373 abbas
1218 1310 1372 1374 tabulam
1388 1329 1530 1374 auream
1545 1314 1555 1341 ¹
1571 1322 1651 1376 ante

512 1413 623 1488 maius
642 1411 762 1485 altare,
784 1412 875 1493 quod
900 1421 951 1474 cst
972 1412 1006 1473 in
1033 1413 1162 1474 honore
1188 1414 1274 1475 beati
1300 1413 1391 1475 Petri
1413 1415 1650 1492 apostolorum

513 1512 678 1595 principis
692 1513 715 1587 ⁸,
738 1530 843 1594 quam
866 1512 948 1574 olim
970 1523 1107 1594 ceperat
1128 1514 1288 1577 Albertus
1309 1514 1413 1576 abbas
1431 1505 1454 1586 ³,
1477 1516 1652 1578 occasione

469 1641 483 1694 ς
512 1612 710 1678 conterendi
738 1613 876 1675 calicem
912 1632 1021 1676 unum
1053 1632 1199 1676 aureum
1230 1614 1397 1675 librarum
1426 1614 1560 1694 viginti,
1591 1618 1651 1698 qui

511 1725 652 1778 eotenus
668 1722 902 1794 permanserat
915 1713 951 1775 in
968 1715 1053 1787 loco,
1071 1716 1218 1777 donatus
1239 1715 1322 1776 olim
1345 1715 1444 1776 beato
1465 1714 1619 1778 Huberto
1634 1736 1653 1779 a

514 1812 686 1875 Ludovico
703 1811 773 1886 Ρὶο,
792 1813 904 1874 Caroli
927 1813 1039 1894 Magni
1063 1814 1281 1893 imperatoris
1303 1812 1383 1876 filio.
1411 1814 1514 1877 Plura
1535 1827 1653 1879 autem

511 1910 652 1973 donaria
668 1928 735 1972 non
753 1922 889 1973 tantum
905 1914 939 1973 in
955 1924 1098 1994 argento
1109 1925 1143 1976 et
1158 1932 1253 1987 aum,
1267 1932 1390 1976 verum
1401 1916 1506 1977 etiam
1521 1917 1555 1977 in
1569 1935 1655 1978 auro

511 2010 613 2074 textis
634 2013 847 2075 ornamentis
868 2022 901 2075 et
924 2014 1030 2084 libris,
1048 2023 1120 2076 tam
1142 2032 1161 2076 a
1186 2012 1314 2095 prefato
1338 2015 1491 2095 principe
1513 2035 1654 2096 quama

455 2147 484 2182 ,ο
512 2109 711 2176 Gualcaudo
726 2112 885 2191 pontifice
900 2114 1011 2175 cidem
1027 2115 1101 2177 loco
1112 2115 1234 2178 collata
1250 2113 1397 2188 fuerant,
1413 2134 1481 2198 que
1494 2117 1545 2179 vel
1558 2117 1656 2180 inha-

512 2211 698 2275 bitantium
718 2213 930 2293 simplicitas,
953 2216 1005 2277 vel
1022 2225 1264 2278 extraneorum
1287 2218 1454 2279 abbatum
1469 2217 1481 2251 ⁴
1496 2228 1555 2279 aut
1578 2236 1654 2297 pre·

512 2310 703 2390 positorum
715 2311 892 2392 dissipavit
904 2314 1090 2388 temeritas
1104 2328 1165 2379 aut
1180 2316 1368 2395 asportavit
1381 2335 1441 2396 per
1451 2318 1654 2380 abusionem

512 2771 1652 2854 hmfflsmdmmmmfflmahmfflfflmwmmmmmww

512 2872 583 2926 IIII
602 2874 639 2927 id.
661 2882 742 2926 mart.
769 2874 989 2924 Commemoratis
1011 2874 1159 2924 Frontonis
1179 2876 1291 2940 episcopi
1306 2876 1379 2941 apud
1404 2874 1537 2942 l'esperem
1554 2894 1602 2943 qiu
1617 2886 1655 2927 est

455 2980 481 3030 ις
511 2964 605 3013 civitas
631 2960 786 3028 Hungarie.
812 2960 852 3012 Le
880 2963 1071 3028 chroniqueur
1099 2962 1134 3013 de
1163 2961 1365 3013 saint-Hubert
1395 2963 1481 3013 a·t·il
1510 2961 1653 3014 conlondu

513 3049 683 3116 Wezsprim,
709 3048 821 3100 diocese
846 3047 881 3099 de
910 3048 1050 3117 llongrie‚
1082 3065 1116 3099 au
1145 3048 1297 3100 sud-ouest
1331 3049 1366 3101 de
1400 3048 1554 3116 Budapest,
1586 3066 1653 3102 avec

514 3134 665 3204 Belgrade?
677 3134 734 3188 Son
747 3148 845 3186 erreur
857 3137 940 3186 serait
954 3138 1010 3185 tres
1023 3135 1190 3202 explicable.
1206 3135 1228 3186 ll
1241 3135 1349 3186 semble
1363 3136 1528 3201 impossible
1540 3152 1576 3187 en
1590 3147 1652 3187 tout

511 3221 608 3274 assde
628 3236 663 3272 ne
683 3236 732 3288 pas
753 3220 893 3272 identifier
915 3220 940 3270 le
959 3236 1133 3287 personnage
1153 3221 1188 3271 de
1209 3220 1234 3270 la
1258 3221 1409 3287 t'trom'pue
1431 3237 1498 3272 arec
1522 3222 1594 3273 celui
1617 3222 1653 3273 de

512 3306 682 3360 VObduaoe.

450 3410 483 3446 to
546 3393 774 3461 ¹11s’agitd'un
794 3394 996 3458 ‹intependiunu
1022 3410 1086 3459 toy.
1115 3392 1149 3444 Κ.
1177 3392 1334 3453 Hasoeer,
1360 3392 1410 3443 Les
1431 3396 1560 3461 premiers
1581 3403 1654 3444 ante·

508 3481 650 3547 pendiums
667 3497 703 3529 au
719 3485 785 3548 pars
805 3480 834 3528 de
851 3478 931 3543 Litge
948 3478 1117 3544 (Bostaris
1135 3492 1172 3529 or
1190 3492 1226 3528 La
1245 3478 1368 3530 Socttrs
1387 3480 1480 3530 n'Anr
1501 3494 1536 3530 ar
1556 3481 1652 3532 n‘llts

511 3580 598 3620 roras
615 3580 654 3619 nu
672 3568 793 3618 ntoctss
811 3578 848 3615 mc
867 3564 971 3625 latos,
987 3574 1006 3618 r.
1021 3564 1054 3621 Χ,
1069 3581 1116 3631 pp.
1130 3578 1162 3627 ⁴3
1174 3576 1202 3615 et
1215 3568 1315 3631 suisa),
1332 3577 1360 3616 et
1378 3580 1434 3615 non
1451 3565 1517 3616 d'un
1536 3568 1651 3626 retable,

510 3669 620 3706 comme
632 3652 658 3705 le
670 3653 712 3704 dit
724 3652 750 3703 J.
764 3652 889 3711 literato,
903 3650 944 3700 La
957 3650 1102 3716 scalptore,
1118 3667 1144 3715 p.
1160 3665 1198 3700 ro.

545 3750 554 3775 ⁸
573 3740 596 3792 ll
609 3756 644 3792 en
657 3749 699 3792 est
711 3754 814 3792 encore
826 3739 895 3789 ainsi
909 3738 1099 3804 aujourd'hui.

448 3843 479 3891 25
543 3826 595 3878 ³11
616 3842 634 3894 y
654 3837 703 3878 eut
725 3826 799 3877 deux
820 3824 906 3876 abbis
925 3824 961 3875 de
982 3839 1013 3874 ce
1034 3838 1111 3882 nom,
1133 3833 1216 3872 avant
1238 3833 1317 3873 notre
1338 3839 1448 3890 epmue
1468 3838 1474 3873 :
1496 3823 1595 3875 Albert
1617 3824 1651 3874 1oe

510 3914 543 3980 (†
558 3928 586 3973 rt
600 3929 673 3964 mars
685 3913 749 3978 966)
760 3922 788 3963 et
802 3911 901 3962 Albert
917 3910 941 3960 ll
956 3910 988 3974 (†
1000 3911 1015 3959 6
1028 3908 1188 3975 septembre
1205 3914 1295 3971 1033);
1309 3910 1376 3961 c'est
1391 3915 1406 3959 'a
1422 3926 1453 3961 ce
1471 3911 1584 3962 dernier
1596 3927 1651 3979 que

509 4003 598 4069 perait
614 4016 644 4051 se
662 3999 766 4052 referet
783 3999 808 4049 le
827 4013 939 4064 passage
955 3996 1100 4054 ci-dessus‚
1118 4012 1164 4047 car
1181 3996 1313 4062 Adolphe
1333 3996 1470 4062 Happart,
1490 3999 1651 4062 Catiolngus

507 4089 630 4140 dietum
651 4089 806 4138 monasterii
828 4086 1036 4149 ,indaginensis¹
1065 4082 1111 4134 iol.
1138 4083 1179 4144 64,
1203 4083 1241 4134 lui
1264 4098 1396 4134 consacrc
1421 4100 1466 4134 ces
1490 4085 1579 4150 lignes
1602 4089 1650 4151 qui

507 4185 643 4229 attestent
655 4190 706 4226 son
718 4173 833 4225 reclivite
844 4172 991 4236 artistique
1003 4187 1008 4220 :
1020 4168 1064 4218 illc
1076 4185 1122 4218 sno
1139 4178 1251 4234 tempore
1262 4169 1409 4219 ctrrrcellnm
1422 4170 1544 4220 enititum
1558 4172 1649 4225 coluit,

449 4275 482 4323 30
508 4271 532 4311 et
547 4269 630 4311 totum
646 4259 723 4325 infra
739 4264 930 4307 rnonasiermm
947 4254 1037 4304 celato
1051 4262 1075 4302 ci
1087 4257 1240 4322 pnrirrrento
1258 4256 1397 4311 decorarit,
1415 4256 1525 4305 (horum
1543 4260 1613 4310 tear,
1629 4267 1653 4305 et

507 4348 670 4413 crucifixum
689 4361 751 4394 curn
775 4342 875 4392 duabus
898 4340 1059 4406 imaginihus
1082 4344 1155 4395 emit,
1182 4357 1293 4390 risurum
1314 4342 1458 4391 secundum
1479 4345 1653 4392 circundedit

508 4434 666 4486 mosterio
673 4437 732 4500 post
743 4429 858 4480 abbatem
872 4427 1053 4478 Frcdcricum.

541 4527 553 4562 ⁴
571 4515 675 4570 Fam-il
686 4515 834 4574 entendre,
846 4528 895 4580 par
908 4528 954 4563 ces¹
968 4523 1050 4573 mors,
1062 4511 1103 4563 les
1115 4511 1201 4563 abbis
1213 4514 1271 4579 qui,
1283 4512 1362 4563 selon
1377 4512 1510 4579 Adolphe
1526 4513 1652 4580 llappart

508 4617 537 4659 et
549 4604 689 4658 Romuald
703 4602 838 4661 Habeam,
852 4603 978 4652 auraient
993 4601 1071 4651 riuni
1085 4615 1151 4650 sous
1164 4598 1226 4650 leur
1237 4599 1377 4651 direction
1392 4599 1432 4650 les
1445 4600 1519 4652 deux
1531 4600 1653 4668 abbayes

451 4702 480 4752 35
508 4692 544 4746 de
562 4691 648 4744 Prilm
664 4701 693 4743 et
709 4691 744 4742 de
760 4687 982 4740 Salat-liuberti
1001 4686 1043 4738 En
1060 4702 1092 4737 ce
1109 4703 1164 4744 cas,
1181 4695 1256 4737 cette
1271 4701 1408 4754 croyance
1427 4687 1651 4739 manifestement

508 4778 626 4831 emonbe
644 4777 770 4844 pourrait
789 4775 826 4826 du
848 4774 939 4824 moins
958 4773 1146 4839 revendiquer
1165 4787 1220 4823 une
1242 4773 1326 4822 haute
1349 4773 1493 4826 tradition.
1514 4773 1583 4840 Vota
1604 4789 1652 4825 sur

509 4870 583 4915 oetle
595 4862 727 4928 question
739 4859 774 4911 G.
792 4857 910 4917 livam,
924 4856 974 4907 Les
983 4860 1112 4924 premiers
1129 4857 1216 4907 sie'cles
1228 4857 1259 4907 de
1270 4856 1387 4924 l'niinye
1398 4859 1428 4908 de
1441 4857 1648 4914 Sciat-Hubert,

511 4963 558 5016 pp.
573 4960 604 5013 57
616 4956 644 4998 et
657 4947 729 4998 suiv.
