4450 6125
561 866 636 951 186
763 869 1075 952 Cantatorium
1103 877 1198 953 sine
1231 869 1487 952 Chronicon

550 1186 607 1230 eos
624 1166 779 1230 fidelitati
802 1180 916 1230 sancte
937 1169 1043 1231 Marie
1063 1169 1239 1252 sanctique
1261 1168 1434 1231 Lamberti
1454 1167 1583 1240 deesse,
1598 1167 1692 1246 quod

549 1270 596 1332 sic
622 1272 767 1349 impune
801 1280 1001 1350 paterentur
1035 1273 1182 1352 deprimi
1218 1271 1456 1333 auctoritatem
1495 1267 1694 1330 Leodiensis

550 1371 710 1451 episcopi,
730 1373 824 1433 nullo
840 1373 942 1434 modo
957 1373 990 1433 id
1008 1373 1083 1434 illos
1099 1374 1214 1435 decere
1230 1371 1312 1451 pati,
1326 1372 1353 1433 si
1369 1389 1438 1453 qua
1452 1369 1521 1432 illis
1536 1371 1693 1431 subesset

550 1489 632 1534 cura
659 1474 711 1534 sui
738 1472 887 1545 honoris,
914 1483 1107 1535 commotus
1131 1474 1173 1535 ad
1199 1476 1260 1534 hec
1282 1473 1353 1534 dux
1374 1470 1471 1551 ipse¹
1493 1471 1528 1531 in
1553 1469 1690 1550 primis,

549 1573 708 1637 Albertus
723 1592 859 1656 quoque
874 1592 987 1636 comes
1008 1575 1231 1637 Namucensis
1251 1585 1284 1637 et
1308 1573 1476 1636 Henricus
1498 1572 1691 1635 Durboien·

547 1677 592 1739 sis
607 1677 629 1751 ²,
648 1676 743 1738 Cono
757 1677 861 1738 etiam
876 1694 990 1740 comes
1005 1677 1131 1739 lllontis
1148 1676 1256 1752 Acuti,
1274 1676 1331 1738 sed
1349 1684 1380 1738 et
1396 1672 1549 1756 prelatus
1565 1672 1691 1736 Amul·

548 1779 638 1858 phus
661 1776 920 1849 chisniacensis,
944 1788 982 1840 ut
1003 1788 1076 1841 erat
1098 1779 1256 1841 diversus
1277 1796 1297 1839 a
1317 1796 1363 1839 se.
1381 1794 1460 1838 cum
1479 1791 1608 1856 genero
1627 1791 1692 1836 suo

549 1877 686 1938 Dodone
718 1877 880 1950 Cunensi,
912 1879 1164 1958 responderunt
1191 1897 1226 1940 se
1253 1877 1394 1960 quidem
1427 1874 1545 1938 fideles
1574 1883 1691 1937 sancte

547 1975 652 2038 Marie
672 1978 847 2058 sanctique
871 1978 1042 2039 lamberti
1064 1995 1147 2052 esse,
1170 1978 1226 2039 sed
1250 1976 1285 2038 in
1308 1978 1373 2038 hoc
1394 1975 1498 2037 nimis
1519 1975 1690 2054 patienter

547 2079 633 2139 hanc
655 2078 765 2158 ipsam
789 2078 988 2141 fidelitatem
1009 2081 1173 2141 hactenus
1188 2078 1430 2149 dissimulasse,
1447 2077 1540 2159 quod
1555 2077 1687 2139 dissen·
1717 2097 1730 2135 i

546 2179 650 2241 sionis
675 2180 779 2256 hujus
801 2197 919 2242 causas
945 2179 1171 2262 neglexissent
1193 2179 1383 2261 inquisisse.
1406 2179 1581 2241 Consensu
1605 2195 1690 2260 ergo

548 2280 702 2342 unanimi
724 2291 887 2361 ceperunt
909 2280 1075 2356 insistere,
1094 2293 1132 2344 ut
1147 2281 1238 2343 diem
1254 2281 1479 2342 constitueret
1498 2278 1592 2341 inter
1605 2296 1641 2342 se
1655 2288 1691 2342 et

545 2382 705 2445 abbatem
729 2382 917 2464 questionis
940 2383 1082 2464 agende‚
1105 2384 1153 2445 ita
1179 2383 1360 2443 dumtaxat
1386 2391 1424 2443 ut
1449 2397 1689 2461 quoscumque

547 2493 659 2562 posset
674 2502 734 2545 sue
756 2485 923 2546 sententie
945 2482 1138 2546 defensores
1158 2485 1302 2564 impune
1322 2483 1427 2544 abbas
1446 2483 1633 2544 deduceret
1654 2492 1689 2546 et

545 2585 721 2646 reduceret
746 2595 779 2646 et
806 2585 839 2646 in
867 2586 1002 2665 publica
1028 2586 1203 2647 audientia
1234 2584 1429 2646 Leodiensis
1456 2583 1596 2645 ecclesie
1626 2602 1689 2665 per
1718 2601 1727 2638 ι

544 2685 687 2747 liberam
705 2685 876 2748 licentiam
897 2685 1030 2747 dicendi
1046 2696 1080 2747 et
1094 2685 1268 2756 audiendi,
1285 2685 1368 2764 ipsis
1383 2683 1611 2764 presentibus,
1627 2685 1689 2748 eli·

545 2795 637 2848 mata
649 2785 770 2849 veritas
782 2787 1227 2866 triumpharet.0bstupuit
1239 2785 1514 2867 Otbertusquasi
1526 2797 1687 2859 cornut0,

546 2894 584 2947 ut
599 2885 737 2959 dicitur,
754 2888 953 2969 syllogismo
967 2901 981 2926 ‘²
997 2890 1216 2970 interceptus
1233 2898 1361 2950 etcum
1382 2905 1555 2969 nusquam
1572 2897 1689 2968 posset

543 2987 729 3060 declinare,
761 2999 812 3051 tot
841 2990 995 3052 virorum
1029 3007 1245 3070 compressus
1277 2988 1495 3065 auctoritate,
1525 2987 1690 3071 quamvis

544 3106 635 3170 egre,
651 3088 742 3152 diem
758 3092 825 3153 illis
840 3094 1000 3154 concessit
1015 3093 1205 3175 questionis
1219 3093 1359 3173 agende.
1384 3090 1449 3153 Sed
1467 3108 1534 3153 non
1552 3100 1689 3172 poterat
1715 3103 1729 3141 2

543 3190 664 3265 evinci,
683 3202 720 3255 ut
738 3195 853 3256 abbati
875 3194 1088 3273 permitteret
1110 3195 1269 3256 veniendi
1285 3203 1318 3256 et
1334 3192 1500 3256 redeundi
1520 3192 1687 3256 securita-

543 3303 625 3356 tem.
644 3294 801 3377 Cumque
822 3304 1046 3358 causarentur
1064 3313 1184 3357 omnes
1199 3306 1232 3357 et
1248 3297 1310 3357 hoc
1328 3295 1498 3374 injustum
1519 3311 1603 3369 esse,
1622 3295 1687 3357 sibi

544 3413 681 3475 quoque
703 3397 937 3464 inhonestum.
955 3415 1033 3459 cum
1055 3399 1137 3459 satis
1158 3396 1409 3477 intelligeretur
1431 3398 1494 3456 bac
1508 3395 1688 3458 occasione

544 3496 755 3558 audientiam
771 3516 805 3559 se
822 3499 905 3559 velle
921 3498 1100 3573 declinare,
1119 3499 1257 3559 tandem
1273 3497 1429 3578 promisit
1444 3513 1524 3558 cum
1539 3496 1628 3559 duce
1642 3497 1687 3559 de

544 3596 596 3659 his
621 3599 869 3661 consulendum
891 3609 924 3661 et
948 3618 1007 3679 per
1027 3600 1141 3673 illum,
1158 3599 1319 3681 quicquid
1340 3599 1516 3660 videretur
1533 3598 1582 3660 eis
1603 3597 1687 3661 inde
1714 3606 1728 3645 ²

543 3699 727 3778 agendum,
745 3699 779 3759 in
797 3701 954 3778 proximo
971 3717 1004 3760 se
1019 3700 1342 3761 determinaturum.

587 3800 654 3861 llec
668 3802 785 3863 omnia
805 3820 885 3863 curn
909 3803 1004 3863 Dodo
1023 3802 1158 3863 rediens
1176 3801 1291 3863 abbati
1310 3798 1460 3872 referret,
1477 3798 1534 3861 ille
1552 3799 1686 3862 exhila-

576 3956 602 3993 (ι.
621 3940 766 4008 silogismo
777 3943 814 3993 A.

577 4161 584 4188 ¹
604 4151 759 4205 Godefroid
771 4153 806 4205 de
819 4152 962 4214 Bouillon,
976 4153 1031 4204 duc
1042 4153 1077 4204 de
1090 4152 1217 4205 Lothier.

575 4249 584 4275 ²
603 4240 642 4291 Ce
664 4239 802 4291 Ilcnricus
823 4238 998 4291 Drrrboiensis
1016 4250 1068 4301 est,
1086 4243 1101 4290 a
1118 4254 1184 4291 mon
1201 4239 1273 4301 avis,
1293 4238 1383 4290 Henri
1396 4237 1441 4300 1⁶⁸,
1454 4245 1549 4290 comte
1561 4237 1597 4289 de
1610 4236 1683 4291 Dur·
1711 4257 1731 4307 μ

542 4328 607 4395 buy,
622 4344 670 4379 sur
683 4328 776 4395 lequel
790 4343 854 4395 voy.
868 4329 1136 4389 Vasnsnrnsnnns,
1149 4344 1224 4378 cunr.
1242 4329 1301 4388 cite,
1314 4336 1335 4378 t.
1350 4326 1386 4382 ll.
1400 4341 1448 4392 pp.
1462 4338 1510 4377 222
1522 4334 1551 4377 et
1564 4324 1639 4377 suiv.
1649 4355 1683 4365 -

544 4415 651 4475 ERNST,
670 4415 726 4465 Des
741 4423 835 4465 comtes
851 4415 881 4464 de
897 4414 1012 4482 Durbuy
1027 4422 1051 4465 ct
1066 4415 1096 4465 dc
1109 4414 1152 4465 La
1168 4413 1258 4465 Roclrc
1271 4430 1327 4464 aux
1342 4411 1397 4463 ΧΙο
1411 4420 1436 4463 ct
1451 4410 1525 4463 ΧΙΙο
1538 4410 1640 4475 εέὶιΙιε,
1652 4428 1683 4466 se

541 4511 652 4566 trornpe
668 4518 703 4552 en
720 4503 845 4553 donnant
864 4517 935 4567 pour
952 4504 1141 4553 successeura
1155 4500 1246 4552 Henri
1260 4500 1303 4561 1⁰¹,
1317 4500 1352 4551 de
1367 4501 1430 4566 1089
1442 4500 1592 4552 environ&
1607 4513 1680 4562 1124,

540 4603 577 4638 un
594 4587 682 4638 llenri
699 4588 721 4638 ll
738 4588 956 4655 hypotheliqne;
975 4589 1035 4639 rien
1053 4588 1206 4639 n'autorise
1221 4602 1253 4638 ce
1265 4585 1485 4639 dedoublement
1497 4583 1566 4638 d'un
1578 4587 1640 4639 seul
1651 4593 1681 4640 et

541 4677 631 4725 menie
651 4691 834 4742 personnage.
858 4674 899 4727 De
920 4691 970 4727 son
992 4675 1064 4737 cote,
1085 4675 1316 4727 Vanderkindere
1336 4690 1351 4725 a
1371 4681 1428 4726 tort
1449 4673 1485 4725 de
1505 4672 1635 4742 negliget
1653 4672 1681 4726 le
1707 4688 1731 4739 35

539 4777 652 4830 passage
672 4763 806 4814 cidessus
826 4773 854 4813 et
875 4762 947 4814 celui
971 4762 1135 4822 cidessous,
1164 4777 1187 4813 c.
1213 4763 1245 4813 88
1272 4760 1351 4828 (κιο)
1374 4760 1412 4813 du
1438 4760 1629 4812 Cantatorium
1651 4769 1679 4813 et

537 4851 572 4900 de
590 4850 700 4900 donner
718 4849 826 4901 l’annce
846 4851 909 4914 1089
928 4864 1039 4902 comme
1057 4850 1187 4901 derniere
1206 4848 1269 4899 date
1288 4846 1408 4899 d'Henri
1428 4847 1475 4909 1⁸¹,
1494 4862 1530 4899 au
1551 4847 1610 4901 lieu
1631 4848 1680 4900 des

536 4937 613 4986 dares
626 4936 660 4986 de
673 4952 718 4987 ces
730 4937 804 4988 deux
817 4953 944 5006 passages
958 4952 964 4987 z
983 4936 1133 5002 ¹093·¹09⁶·
