<?xml version="1.0" encoding="UTF-8"?>
<!DOCTYPE html PUBLIC "-//W3C//DTD XHTML 1.0 Transitional//EN"
    "http://www.w3.org/TR/xhtml1/DTD/xhtml1-transitional.dtd">
<html xmlns="http://www.w3.org/1999/xhtml" xml:lang="en" lang="en">
 <head>
  <title>
</title>
<meta http-equiv="Content-Type" content="text/html;charset=utf-8" />
  <meta name='ocr-system' content='tesseract 3.04.00' />
  <meta name='ocr-capabilities' content='ocr_page ocr_carea ocr_par ocr_line ocrx_word'/>
</head>
<body>
  <div class='ocr_page' id='page_1' title='image "./lachroniquedesa00minogoog_0302.png"; bbox 0 0 4450 6125; ppageno 0'>
   <div class='ocr_carea' id='block_1_1' title="bbox 613 857 1548 963">
    <p class='ocr_par' dir='ltr' id='par_1_1' title="bbox 613 857 1548 963">
     <span class='ocr_line' id='line_1_1' title="bbox 613 857 1548 963; baseline -0.003 -23"><span class='ocrx_word' id='word_1_1' title='bbox 613 881 696 963; x_wconf 87' lang='lat'>240</span> <span class='ocrx_word' id='word_1_2' title='bbox 823 859 1138 940; x_wconf 72' lang='lat' dir='ltr'>cantatorium</span> <span class='ocrx_word' id='word_1_3' title='bbox 1168 864 1262 941; x_wconf 78' lang='lat' dir='ltr'>sive</span> <span class='ocrx_word' id='word_1_4' title='bbox 1297 857 1548 940; x_wconf 75' lang='lat' dir='ltr'>Chronicon</span> 
     </span>
    </p>
   </div>
   <div class='ocr_carea' id='block_1_2' title="bbox 609 1154 1815 2330">
    <p class='ocr_par' dir='ltr' id='par_1_2' title="bbox 609 1154 1815 2330">
     <span class='ocr_line' id='line_1_2' title="bbox 611 1154 1756 1239; baseline -0.003 -19"><span class='ocrx_word' id='word_1_5' title='bbox 611 1157 825 1239; x_wconf 80' lang='lat' dir='ltr'>frequentius</span> <span class='ocrx_word' id='word_1_6' title='bbox 836 1158 933 1236; x_wconf 88' lang='lat' dir='ltr'>quasi</span> <span class='ocrx_word' id='word_1_7' title='bbox 949 1158 992 1219; x_wconf 93' lang='lat' dir='ltr'>ad</span> <span class='ocrx_word' id='word_1_8' title='bbox 1008 1157 1191 1219; x_wconf 92' lang='lat' dir='ltr'>dominum</span> <span class='ocrx_word' id='word_1_9' title='bbox 1206 1174 1311 1218; x_wconf 92' lang='lat' dir='ltr'>suum</span> <span class='ocrx_word' id='word_1_10' title='bbox 1325 1154 1576 1229; x_wconf 86' lang='lat' dir='ltr'>convenientes,</span> <span class='ocrx_word' id='word_1_11' title='bbox 1589 1166 1756 1234; x_wconf 90' lang='lat' dir='ltr'>ceperunt</span> 
     </span>
     <span class='ocr_line' id='line_1_3' title="bbox 610 1256 1757 1340; baseline -0.002 -20"><span class='ocrx_word' id='word_1_12' title='bbox 610 1277 683 1322; x_wconf 89' lang='lat' dir='ltr'>esse</span> <span class='ocrx_word' id='word_1_13' title='bbox 697 1259 805 1323; x_wconf 87' lang='lat' dir='ltr'>oncri.</span> <span class='ocrx_word' id='word_1_14' title='bbox 822 1276 976 1340; x_wconf 87' lang='lat' dir='ltr'>quosque</span> <span class='ocrx_word' id='word_1_15' title='bbox 991 1258 1026 1318; x_wconf 91' lang='lat' dir='ltr'>in</span> <span class='ocrx_word' id='word_1_16' title='bbox 1042 1257 1263 1319; x_wconf 88' lang='lat' dir='ltr'>affluentibus</span> <span class='ocrx_word' id='word_1_17' title='bbox 1277 1256 1442 1318; x_wconf 85' lang='lat' dir='ltr'>conviviis</span> <span class='ocrx_word' id='word_1_18' title='bbox 1452 1266 1628 1335; x_wconf 73' lang='lat' dir='ltr'>presentes</span> <span class='ocrx_word' id='word_1_19' title='bbox 1638 1256 1757 1318; x_wconf 92' lang='lat' dir='ltr'>audie-</span> 
     </span>
     <span class='ocr_line' id='line_1_4' title="bbox 612 1354 1758 1438; baseline -0.003 -16"><span class='ocrx_word' id='word_1_20' title='bbox 612 1362 671 1422; x_wconf 86' lang='lat' dir='ltr'>bat</span> <span class='ocrx_word' id='word_1_21' title='bbox 693 1360 898 1430; x_wconf 80' lang='lat' dir='ltr'>laudatores,</span> <span class='ocrx_word' id='word_1_22' title='bbox 920 1377 961 1420; x_wconf 88' lang='lat' dir='ltr'>ex</span> <span class='ocrx_word' id='word_1_23' title='bbox 983 1368 1186 1438; x_wconf 91' lang='lat' dir='ltr'>contemptu</span> <span class='ocrx_word' id='word_1_24' title='bbox 1209 1357 1314 1419; x_wconf 89' lang='lat' dir='ltr'>nimie</span> <span class='ocrx_word' id='word_1_25' title='bbox 1335 1354 1579 1419; x_wconf 80' lang='lat' dir='ltr'>familiaritatis</span> <span class='ocrx_word' id='word_1_26' title='bbox 1598 1358 1758 1419; x_wconf 77' lang='lat' dir='ltr'>absentes</span> 
     </span>
     <span class='ocr_line' id='line_1_5' title="bbox 611 1456 1759 1540; baseline -0.003 -18"><span class='ocrx_word' id='word_1_27' title='bbox 611 1462 760 1522; x_wconf 90' lang='lat' dir='ltr'>habebat</span> <span class='ocrx_word' id='word_1_28' title='bbox 781 1461 961 1522; x_wconf 85' lang='lat' dir='ltr'>derisores.</span> <span class='ocrx_word' id='word_1_29' title='bbox 986 1459 1139 1540; x_wconf 87' lang='lat' dir='ltr'>Contigit</span> <span class='ocrx_word' id='word_1_30' title='bbox 1161 1460 1264 1521; x_wconf 88' lang='lat' dir='ltr'>etiam</span> <span class='ocrx_word' id='word_1_31' title='bbox 1285 1470 1325 1521; x_wconf 91' lang='lat' dir='ltr'>ut</span> <span class='ocrx_word' id='word_1_32' title='bbox 1347 1459 1513 1520; x_wconf 81' lang='lat' dir='ltr'>invidiam</span> <span class='ocrx_word' id='word_1_33' title='bbox 1535 1456 1674 1520; x_wconf 90' lang='lat' dir='ltr'>Otberti</span> <span class='ocrx_word' id='word_1_34' title='bbox 1696 1475 1759 1537; x_wconf 91' lang='lat' dir='ltr'>per</span> 
     </span>
     <span class='ocr_line' id='line_1_6' title="bbox 610 1559 1812 1644; baseline -0.001 -20"><span class='ocrx_word' id='word_1_35' title='bbox 610 1563 780 1644; x_wconf 85' lang='lat' dir='ltr'>quosdam</span> <span class='ocrx_word' id='word_1_36' title='bbox 795 1578 916 1622; x_wconf 92' lang='lat' dir='ltr'>eorum</span> <span class='ocrx_word' id='word_1_37' title='bbox 932 1563 1134 1634; x_wconf 85' lang='lat' dir='ltr'>incurreret,</span> <span class='ocrx_word' id='word_1_38' title='bbox 1150 1560 1236 1622; x_wconf 94' lang='lat' dir='ltr'>dum</span> <span class='ocrx_word' id='word_1_39' title='bbox 1250 1560 1439 1640; x_wconf 91' lang='lat' dir='ltr'>aliquando</span> <span class='ocrx_word' id='word_1_40' title='bbox 1452 1559 1544 1637; x_wconf 93' lang='lat' dir='ltr'>apud</span> <span class='ocrx_word' id='word_1_41' title='bbox 1561 1559 1664 1621; x_wconf 93' lang='lat' dir='ltr'>illum</span> <span class='ocrx_word' id='word_1_42' title='bbox 1675 1576 1759 1620; x_wconf 91' lang='lat' dir='ltr'>con·</span> <span class='ocrx_word' id='word_1_43' title='bbox 1801 1574 1812 1623; x_wconf 79' lang='lat' dir='ltr'>s</span> 
     </span>
     <span class='ocr_line' id='line_1_7' title="bbox 611 1660 1758 1743; baseline -0.003 -20"><span class='ocrx_word' id='word_1_44' title='bbox 611 1664 766 1724; x_wconf 85' lang='lat' dir='ltr'>vivantes</span> <span class='ocrx_word' id='word_1_45' title='bbox 786 1663 937 1742; x_wconf 83' lang='lat' dir='ltr'>graviter</span> <span class='ocrx_word' id='word_1_46' title='bbox 957 1660 1153 1743; x_wconf 81' lang='lat' dir='ltr'>indignanti</span> <span class='ocrx_word' id='word_1_47' title='bbox 1173 1662 1358 1738; x_wconf 82' lang='lat' dir='ltr'>objicerent</span> <span class='ocrx_word' id='word_1_48' title='bbox 1376 1673 1403 1733; x_wconf 78' lang='lat'>⁴,</span> <span class='ocrx_word' id='word_1_49' title='bbox 1427 1661 1758 1732; x_wconf 90' lang='lat' dir='ltr'>habundantiorem,</span> 
     </span>
     <span class='ocr_line' id='line_1_8' title="bbox 610 1760 1758 1824; baseline -0.002 0"><span class='ocrx_word' id='word_1_50' title='bbox 610 1764 721 1824; x_wconf 92' lang='lat' dir='ltr'>immo</span> <span class='ocrx_word' id='word_1_51' title='bbox 737 1763 920 1823; x_wconf 87' lang='lat' dir='ltr'>lautiorem</span> <span class='ocrx_word' id='word_1_52' title='bbox 935 1779 1007 1822; x_wconf 88' lang='lat' dir='ltr'>esse</span> <span class='ocrx_word' id='word_1_53' title='bbox 1023 1779 1177 1824; x_wconf 90' lang='lat' dir='ltr'>mensam</span> <span class='ocrx_word' id='word_1_54' title='bbox 1192 1762 1326 1822; x_wconf 90' lang='lat' dir='ltr'>abbatis</span> <span class='ocrx_word' id='word_1_55' title='bbox 1340 1761 1456 1823; x_wconf 87' lang='lat' dir='ltr'>Sancti</span> <span class='ocrx_word' id='word_1_56' title='bbox 1473 1760 1618 1822; x_wconf 89' lang='lat' dir='ltr'>liuberti</span> <span class='ocrx_word' id='word_1_57' title='bbox 1636 1778 1758 1823; x_wconf 90' lang='lat' dir='ltr'>mensa</span> 
     </span>
     <span class='ocr_line' id='line_1_9' title="bbox 612 1861 1756 1942; baseline -0.002 -17"><span class='ocrx_word' id='word_1_58' title='bbox 612 1864 808 1925; x_wconf 88' lang='lat' dir='ltr'>Leodiensis</span> <span class='ocrx_word' id='word_1_59' title='bbox 820 1862 980 1942; x_wconf 83' lang='lat' dir='ltr'>episcopi.</span> <span class='ocrx_word' id='word_1_60' title='bbox 997 1863 1129 1923; x_wconf 86' lang='lat' dir='ltr'>Etcum</span> <span class='ocrx_word' id='word_1_61' title='bbox 1144 1861 1303 1924; x_wconf 63' lang='lat' dir='ltr'>Wiredo‘</span> <span class='ocrx_word' id='word_1_62' title='bbox 1315 1861 1498 1923; x_wconf 79' lang='lat' dir='ltr'>referretur</span> <span class='ocrx_word' id='word_1_63' title='bbox 1509 1880 1529 1922; x_wconf 95' lang='lat' dir='ltr'>a</span> <span class='ocrx_word' id='word_1_64' title='bbox 1540 1862 1756 1941; x_wconf 89' lang='lat' dir='ltr'>quibusdam</span> 
     </span>
     <span class='ocr_line' id='line_1_10' title="bbox 610 1962 1759 2043; baseline -0.001 -17"><span class='ocrx_word' id='word_1_65' title='bbox 610 1965 731 2026; x_wconf 91' lang='lat' dir='ltr'>amicis</span> <span class='ocrx_word' id='word_1_66' title='bbox 750 1964 784 2024; x_wconf 91' lang='lat' dir='ltr'>id</span> <span class='ocrx_word' id='word_1_67' title='bbox 806 1964 869 2024; x_wconf 90' lang='lat' dir='ltr'>sibi</span> <span class='ocrx_word' id='word_1_68' title='bbox 885 1964 1089 2036; x_wconf 88' lang='lat' dir='ltr'>cavendum,</span> <span class='ocrx_word' id='word_1_69' title='bbox 1105 1963 1231 2043; x_wconf 89' lang='lat' dir='ltr'>illeque</span> <span class='ocrx_word' id='word_1_70' title='bbox 1244 1974 1440 2025; x_wconf 88' lang='lat' dir='ltr'>commotus</span> <span class='ocrx_word' id='word_1_71' title='bbox 1454 1962 1674 2041; x_wconf 88' lang='lat' dir='ltr'>promitteret</span> <span class='ocrx_word' id='word_1_72' title='bbox 1689 1965 1759 2025; x_wconf 90' lang='lat' dir='ltr'>tale</span> 
     </span>
     <span class='ocr_line' id='line_1_11' title="bbox 609 2064 1815 2147; baseline 0.001 -20"><span class='ocrx_word' id='word_1_73' title='bbox 609 2067 692 2147; x_wconf 92' lang='lat' dir='ltr'>quid</span> <span class='ocrx_word' id='word_1_74' title='bbox 720 2065 870 2143; x_wconf 89' lang='lat' dir='ltr'>amplius</span> <span class='ocrx_word' id='word_1_75' title='bbox 895 2082 962 2125; x_wconf 88' lang='lat' dir='ltr'>non</span> <span class='ocrx_word' id='word_1_76' title='bbox 988 2064 1256 2134; x_wconf 89' lang='lat' dir='ltr'>admittendum,</span> <span class='ocrx_word' id='word_1_77' title='bbox 1285 2083 1414 2145; x_wconf 80' lang='lat' dir='ltr'>pravus</span> <span class='ocrx_word' id='word_1_78' title='bbox 1439 2074 1554 2126; x_wconf 89' lang='lat' dir='ltr'>tamen</span> <span class='ocrx_word' id='word_1_79' title='bbox 1582 2065 1759 2144; x_wconf 78' lang='lat' dir='ltr'>prevaluit</span> <span class='ocrx_word' id='word_1_80' title='bbox 1788 2080 1815 2116; x_wconf 88' lang='lat'>¹0</span> 
     </span>
     <span class='ocr_line' id='line_1_12' title="bbox 612 2164 1759 2246; baseline 0.002 -20"><span class='ocrx_word' id='word_1_81' title='bbox 612 2183 706 2237; x_wconf 87' lang='lat' dir='ltr'>usus,</span> <span class='ocrx_word' id='word_1_82' title='bbox 724 2182 784 2225; x_wconf 91' lang='lat' dir='ltr'>nec</span> <span class='ocrx_word' id='word_1_83' title='bbox 798 2165 863 2225; x_wconf 90' lang='lat' dir='ltr'>luit</span> <span class='ocrx_word' id='word_1_84' title='bbox 874 2164 1051 2225; x_wconf 90' lang='lat' dir='ltr'>resistendi</span> <span class='ocrx_word' id='word_1_85' title='bbox 1067 2165 1188 2238; x_wconf 69' lang='lat' dir='ltr'>virtus</span> <span class='ocrx_word' id='word_1_86' title='bbox 1205 2165 1291 2246; x_wconf 92' lang='lat' dir='ltr'>quin</span> <span class='ocrx_word' id='word_1_87' title='bbox 1307 2176 1407 2245; x_wconf 88' lang='lat' dir='ltr'>cepta</span> <span class='ocrx_word' id='word_1_88' title='bbox 1420 2166 1554 2227; x_wconf 83' lang='lat' dir='ltr'>vanitas</span> <span class='ocrx_word' id='word_1_89' title='bbox 1572 2167 1759 2228; x_wconf 90' lang='lat' dir='ltr'>continua·</span> 
     </span>
     <span class='ocr_line' id='line_1_13' title="bbox 610 2280 718 2330; baseline -0.019 0"><span class='ocrx_word' id='word_1_90' title='bbox 610 2280 718 2330; x_wconf 89' lang='lat' dir='ltr'>retur.</span> 
     </span>
    </p>
   </div>
   <div class='ocr_carea' id='block_1_3' title="bbox 612 2463 1840 4353">
    <p class='ocr_par' dir='ltr' id='par_1_3' title="bbox 612 2463 1840 4353">
     <span class='ocr_line' id='line_1_14' title="bbox 653 2463 1763 2537; baseline 0.002 -10"><span class='ocrx_word' id='word_1_91' title='bbox 653 2469 702 2527; x_wconf 82' lang='grc'>93</span> <span class='ocrx_word' id='word_1_92' title='bbox 730 2466 830 2537; x_wconf 79' lang='lat'>(122.)</span> <span class='ocrx_word' id='word_1_93' title='bbox 843 2467 940 2525; x_wconf 76' lang='lat' dir='ltr'>Anno</span> <span class='ocrx_word' id='word_1_94' title='bbox 950 2475 1067 2524; x_wconf 91' lang='lat' dir='ltr'>autem</span> <span class='ocrx_word' id='word_1_95' title='bbox 1081 2463 1247 2526; x_wconf 92' lang='lat' dir='ltr'>lncarnati</span> <span class='ocrx_word' id='word_1_96' title='bbox 1261 2465 1361 2526; x_wconf 91' lang='lat' dir='ltr'>Verbi</span> <span class='ocrx_word' id='word_1_97' title='bbox 1375 2465 1558 2527; x_wconf 90' lang='lat' dir='ltr'>millesimo</span> <span class='ocrx_word' id='word_1_98' title='bbox 1567 2466 1763 2529; x_wconf 88' lang='lat' dir='ltr'>centesimo</span> 
     </span>
     <span class='ocr_line' id='line_1_15' title="bbox 613 2563 1762 2645; baseline 0.002 -20"><span class='ocrx_word' id='word_1_99' title='bbox 613 2565 726 2635; x_wconf 90' lang='lat' dir='ltr'>tertio,</span> <span class='ocrx_word' id='word_1_100' title='bbox 745 2565 835 2624; x_wconf 85' lang='lat' dir='ltr'>Bovo</span> <span class='ocrx_word' id='word_1_101' title='bbox 850 2564 1053 2625; x_wconf 88' lang='lat' dir='ltr'>castellanus</span> <span class='ocrx_word' id='word_1_102' title='bbox 1070 2563 1319 2635; x_wconf 78' lang='lat' dir='ltr'>llirvoldensis,</span> <span class='ocrx_word' id='word_1_103' title='bbox 1343 2566 1404 2645; x_wconf 91' lang='lat' dir='ltr'>qui</span> <span class='ocrx_word' id='word_1_104' title='bbox 1427 2566 1607 2625; x_wconf 79' lang='lat' dir='ltr'>videbatur</span> <span class='ocrx_word' id='word_1_105' title='bbox 1628 2564 1665 2625; x_wconf 93' lang='lat' dir='ltr'>in</span> <span class='ocrx_word' id='word_1_106' title='bbox 1682 2566 1762 2627; x_wconf 87' lang='lat' dir='ltr'>tali·</span> 
     </span>
     <span class='ocr_line' id='line_1_16' title="bbox 613 2664 1819 2737; baseline 0.006 -12"><span class='ocrx_word' id='word_1_107' title='bbox 613 2665 679 2725; x_wconf 92' lang='lat' dir='ltr'>bus</span> <span class='ocrx_word' id='word_1_108' title='bbox 696 2664 926 2724; x_wconf 88' lang='lat' dir='ltr'>amicissimus</span> <span class='ocrx_word' id='word_1_109' title='bbox 947 2682 1062 2725; x_wconf 91' lang='lat' dir='ltr'>mense</span> <span class='ocrx_word' id='word_1_110' title='bbox 1080 2665 1212 2737; x_wconf 87' lang='lat' dir='ltr'>amicis,</span> <span class='ocrx_word' id='word_1_111' title='bbox 1229 2667 1394 2728; x_wconf 87' lang='lat' dir='ltr'>adversus</span> <span class='ocrx_word' id='word_1_112' title='bbox 1407 2667 1582 2728; x_wconf 90' lang='lat' dir='ltr'>ecclesiam</span> <span class='ocrx_word' id='word_1_113' title='bbox 1597 2675 1633 2728; x_wconf 90' lang='lat' dir='ltr'>et</span> <span class='ocrx_word' id='word_1_114' title='bbox 1648 2666 1763 2729; x_wconf 87' lang='lat' dir='ltr'>Wire-</span> <span class='ocrx_word' id='word_1_115' title='bbox 1794 2682 1819 2732; x_wconf 77' lang='lat'>¹5</span> 
     </span>
     <span class='ocr_line' id='line_1_17' title="bbox 612 2764 1762 2848; baseline 0.005 -24"><span class='ocrx_word' id='word_1_116' title='bbox 612 2765 699 2824; x_wconf 94' lang='lat' dir='ltr'>dum</span> <span class='ocrx_word' id='word_1_117' title='bbox 710 2764 907 2825; x_wconf 79' lang='lat' dir='ltr'>insurrexit.</span> <span class='ocrx_word' id='word_1_118' title='bbox 929 2765 1016 2824; x_wconf 75' lang='lat' dir='ltr'>Nam</span> <span class='ocrx_word' id='word_1_119' title='bbox 1029 2765 1195 2827; x_wconf 88' lang='lat' dir='ltr'>violenter</span> <span class='ocrx_word' id='word_1_120' title='bbox 1210 2768 1362 2845; x_wconf 82' lang='lat' dir='ltr'>pervasis</span> <span class='ocrx_word' id='word_1_121' title='bbox 1375 2769 1572 2848; x_wconf 87' lang='lat' dir='ltr'>quibusque</span> <span class='ocrx_word' id='word_1_122' title='bbox 1586 2767 1762 2830; x_wconf 90' lang='lat' dir='ltr'>reditibus</span> 
     </span>
     <span class='ocr_line' id='line_1_18' title="bbox 613 2863 1765 2943; baseline 0.005 -19"><span class='ocrx_word' id='word_1_123' title='bbox 613 2863 709 2936; x_wconf 80' lang='lat' dir='ltr'>silve,</span> <span class='ocrx_word' id='word_1_124' title='bbox 727 2865 785 2943; x_wconf 90' lang='lat' dir='ltr'>qui</span> <span class='ocrx_word' id='word_1_125' title='bbox 801 2875 942 2925; x_wconf 88' lang='lat' dir='ltr'>eatenus</span> <span class='ocrx_word' id='word_1_126' title='bbox 956 2876 1053 2925; x_wconf 88' lang='lat' dir='ltr'>erant</span> <span class='ocrx_word' id='word_1_127' title='bbox 1073 2866 1222 2940; x_wconf 89' lang='lat' dir='ltr'>ecclesie,</span> <span class='ocrx_word' id='word_1_128' title='bbox 1245 2867 1384 2928; x_wconf 88' lang='lat' dir='ltr'>vastatis</span> <span class='ocrx_word' id='word_1_129' title='bbox 1404 2868 1509 2928; x_wconf 92' lang='lat' dir='ltr'>etiam</span> <span class='ocrx_word' id='word_1_130' title='bbox 1531 2867 1634 2929; x_wconf 89' lang='lat' dir='ltr'>sartis</span> <span class='ocrx_word' id='word_1_131' title='bbox 1656 2869 1765 2930; x_wconf 90' lang='lat' dir='ltr'>rusti·</span> 
     </span>
     <span class='ocr_line' id='line_1_19' title="bbox 614 2965 1765 3046; baseline 0.007 -22"><span class='ocrx_word' id='word_1_132' title='bbox 614 2981 746 3033; x_wconf 90' lang='lat' dir='ltr'>corum,</span> <span class='ocrx_word' id='word_1_133' title='bbox 766 2965 917 3043; x_wconf 87' lang='lat' dir='ltr'>eoquod</span> <span class='ocrx_word' id='word_1_134' title='bbox 939 2965 997 3025; x_wconf 84' lang='lat' dir='ltr'>illa</span> <span class='ocrx_word' id='word_1_135' title='bbox 1017 2966 1090 3026; x_wconf 90' lang='lat' dir='ltr'>sine</span> <span class='ocrx_word' id='word_1_136' title='bbox 1111 2985 1174 3028; x_wconf 92' lang='lat' dir='ltr'>suo</span> <span class='ocrx_word' id='word_1_137' title='bbox 1195 2968 1365 3046; x_wconf 91' lang='lat' dir='ltr'>permissu</span> <span class='ocrx_word' id='word_1_138' title='bbox 1388 2967 1554 3041; x_wconf 82' lang='lat' dir='ltr'>iecissent,</span> <span class='ocrx_word' id='word_1_139' title='bbox 1571 2968 1765 3046; x_wconf 87' lang='lat' dir='ltr'>piscatores</span> 
     </span>
     <span class='ocr_line' id='line_1_20' title="bbox 613 3065 1762 3151; baseline 0.004 -25"><span class='ocrx_word' id='word_1_140' title='bbox 613 3083 752 3146; x_wconf 85' lang='lat' dir='ltr'>quoque</span> <span class='ocrx_word' id='word_1_141' title='bbox 764 3065 1003 3126; x_wconf 86' lang='lat' dir='ltr'>ecclesiasticos</span> <span class='ocrx_word' id='word_1_142' title='bbox 1016 3067 1056 3127; x_wconf 93' lang='lat' dir='ltr'>ad</span> <span class='ocrx_word' id='word_1_143' title='bbox 1073 3068 1269 3129; x_wconf 77' lang='lat' dir='ltr'>Lumnam‘</span> <span class='ocrx_word' id='word_1_144' title='bbox 1283 3072 1512 3141; x_wconf 87' lang='lat' dir='ltr'>transmissos,</span> <span class='ocrx_word' id='word_1_145' title='bbox 1528 3071 1643 3132; x_wconf 90' lang='lat' dir='ltr'>missis</span> <span class='ocrx_word' id='word_1_146' title='bbox 1653 3089 1762 3151; x_wconf 89' lang='lat' dir='ltr'>appa-</span> 
     </span>
     <span class='ocr_line' id='line_1_21' title="bbox 614 3165 1827 3252; baseline 0.007 -27"><span class='ocrx_word' id='word_1_147' title='bbox 614 3165 779 3225; x_wconf 88' lang='lat' dir='ltr'>ritoribus</span> <span class='ocrx_word' id='word_1_148' title='bbox 793 3168 894 3242; x_wconf 88' lang='lat' dir='ltr'>cepit,</span> <span class='ocrx_word' id='word_1_149' title='bbox 911 3167 994 3227; x_wconf 90' lang='lat' dir='ltr'>etin</span> <span class='ocrx_word' id='word_1_150' title='bbox 1010 3178 1121 3229; x_wconf 91' lang='lat' dir='ltr'>castro</span> <span class='ocrx_word' id='word_1_151' title='bbox 1135 3169 1288 3231; x_wconf 88' lang='lat' dir='ltr'>custodie</span> <span class='ocrx_word' id='word_1_152' title='bbox 1304 3170 1522 3246; x_wconf 83' lang='lat' dir='ltr'>manciparit.</span> <span class='ocrx_word' id='word_1_153' title='bbox 1542 3171 1653 3246; x_wconf 82' lang='lat' dir='ltr'>llujus</span> <span class='ocrx_word' id='word_1_154' title='bbox 1667 3171 1764 3252; x_wconf 89' lang='lat' dir='ltr'>inju-</span> <span class='ocrx_word' id='word_1_155' title='bbox 1795 3191 1827 3226; x_wconf 79' lang='lat' dir='ltr'>:o</span> 
     </span>
     <span class='ocr_line' id='line_1_22' title="bbox 614 3266 1764 3336; baseline 0.007 -8"><span class='ocrx_word' id='word_1_156' title='bbox 614 3266 664 3328; x_wconf 91' lang='lat' dir='ltr'>rie</span> <span class='ocrx_word' id='word_1_157' title='bbox 693 3278 726 3327; x_wconf 89' lang='lat' dir='ltr'>et</span> <span class='ocrx_word' id='word_1_158' title='bbox 755 3266 948 3327; x_wconf 75' lang='lat' dir='ltr'>incitatores</span> <span class='ocrx_word' id='word_1_159' title='bbox 977 3276 1011 3328; x_wconf 92' lang='lat' dir='ltr'>et</span> <span class='ocrx_word' id='word_1_160' title='bbox 1038 3279 1194 3330; x_wconf 91' lang='lat' dir='ltr'>auctores</span> <span class='ocrx_word' id='word_1_161' title='bbox 1221 3287 1302 3331; x_wconf 93' lang='lat' dir='ltr'>cum</span> <span class='ocrx_word' id='word_1_162' title='bbox 1335 3270 1496 3332; x_wconf 83' lang='lat' dir='ltr'>Wiredus</span> <span class='ocrx_word' id='word_1_163' title='bbox 1528 3289 1568 3332; x_wconf 79' lang='lat' dir='ltr'>ex</span> <span class='ocrx_word' id='word_1_164' title='bbox 1596 3275 1764 3336; x_wconf 89' lang='lat' dir='ltr'>consultu</span> 
     </span>
     <span class='ocr_line' id='line_1_23' title="bbox 614 3365 1764 3446; baseline 0.009 -19"><span class='ocrx_word' id='word_1_165' title='bbox 614 3365 763 3428; x_wconf 85' lang='lat' dir='ltr'>fratrum</span> <span class='ocrx_word' id='word_1_166' title='bbox 782 3369 1081 3430; x_wconf 87' lang='lat' dir='ltr'>excommunicare</span> <span class='ocrx_word' id='word_1_167' title='bbox 1101 3367 1242 3441; x_wconf 87' lang='lat' dir='ltr'>fecisset,</span> <span class='ocrx_word' id='word_1_168' title='bbox 1267 3372 1385 3444; x_wconf 73' lang='lat' dir='ltr'>(habet</span> <span class='ocrx_word' id='word_1_169' title='bbox 1403 3372 1497 3432; x_wconf 89' lang='lat' dir='ltr'>enim</span> <span class='ocrx_word' id='word_1_170' title='bbox 1523 3372 1663 3435; x_wconf 73' lang='lat' dir='ltr'>ecclesia</span> <span class='ocrx_word' id='word_1_171' title='bbox 1686 3376 1764 3446; x_wconf 87' lang='lat' dir='ltr'>bec,</span> 
     </span>
     <span class='ocr_line' id='line_1_24' title="bbox 615 3468 1770 3551; baseline 0.01 -24"><span class='ocrx_word' id='word_1_172' title='bbox 615 3486 656 3528; x_wconf 90' lang='lat' dir='ltr'>ex</span> <span class='ocrx_word' id='word_1_173' title='bbox 672 3468 874 3527; x_wconf 81' lang='lat' dir='ltr'>auctoritate</span> <span class='ocrx_word' id='word_1_174' title='bbox 890 3469 1071 3546; x_wconf 89' lang='lat' dir='ltr'>apostolice</span> <span class='ocrx_word' id='word_1_175' title='bbox 1087 3470 1187 3543; x_wconf 90' lang='lat' dir='ltr'>sedis,</span> <span class='ocrx_word' id='word_1_176' title='bbox 1207 3471 1396 3551; x_wconf 84' lang='lat' dir='ltr'>legitimam</span> <span class='ocrx_word' id='word_1_177' title='bbox 1414 3481 1617 3550; x_wconf 90' lang='lat' dir='ltr'>potestatem</span> <span class='ocrx_word' id='word_1_178' title='bbox 1628 3492 1770 3537; x_wconf 83' lang='lat' dir='ltr'>exeom-</span> 
     </span>
     <span class='ocr_line' id='line_1_25' title="bbox 618 3568 1769 3654; baseline 0.01 -25"><span class='ocrx_word' id='word_1_179' title='bbox 618 3568 818 3629; x_wconf 89' lang='lat' dir='ltr'>municaodi</span> <span class='ocrx_word' id='word_1_180' title='bbox 832 3569 977 3640; x_wconf 83' lang='lat' dir='ltr'>injustos</span> <span class='ocrx_word' id='word_1_181' title='bbox 991 3587 1188 3649; x_wconf 88' lang='lat' dir='ltr'>pervasores</span> <span class='ocrx_word' id='word_1_182' title='bbox 1200 3573 1252 3633; x_wconf 92' lang='lat' dir='ltr'>sui</span> <span class='ocrx_word' id='word_1_183' title='bbox 1265 3572 1430 3654; x_wconf 84' lang='lat' dir='ltr'>cujusque</span> <span class='ocrx_word' id='word_1_184' title='bbox 1443 3575 1552 3649; x_wconf 83' lang='lat' dir='ltr'>jurisl.</span> <span class='ocrx_word' id='word_1_185' title='bbox 1567 3575 1662 3637; x_wconf 83' lang='lat' dir='ltr'>Boro</span> <span class='ocrx_word' id='word_1_186' title='bbox 1674 3579 1769 3640; x_wconf 87' lang='lat' dir='ltr'>banc</span> 
     </span>
     <span class='ocr_line' id='line_1_26' title="bbox 617 3669 1834 3754; baseline 0.012 -24"><span class='ocrx_word' id='word_1_187' title='bbox 617 3669 715 3750; x_wconf 91' lang='lat' dir='ltr'>quasi</span> <span class='ocrx_word' id='word_1_188' title='bbox 737 3670 926 3730; x_wconf 82' lang='lat' dir='ltr'>inauditam</span> <span class='ocrx_word' id='word_1_189' title='bbox 951 3672 1191 3745; x_wconf 87' lang='lat' dir='ltr'>temeritatem,</span> <span class='ocrx_word' id='word_1_190' title='bbox 1215 3683 1318 3751; x_wconf 91' lang='lat' dir='ltr'>prout</span> <span class='ocrx_word' id='word_1_191' title='bbox 1337 3674 1449 3736; x_wconf 88' lang='lat' dir='ltr'>acrius</span> <span class='ocrx_word' id='word_1_192' title='bbox 1470 3676 1594 3754; x_wconf 86' lang='lat' dir='ltr'>potuit,</span> <span class='ocrx_word' id='word_1_193' title='bbox 1617 3677 1771 3742; x_wconf 86' lang='lat' dir='ltr'>Otberto</span> <span class='ocrx_word' id='word_1_194' title='bbox 1802 3697 1834 3746; x_wconf 67' lang='grc' dir='ltr'>ιε</span> 
     </span>
     <span class='ocr_line' id='line_1_27' title="bbox 620 3769 1771 3851; baseline 0.01 -22"><span class='ocrx_word' id='word_1_195' title='bbox 620 3771 748 3839; x_wconf 91' lang='lat' dir='ltr'>retulit,</span> <span class='ocrx_word' id='word_1_196' title='bbox 774 3769 931 3830; x_wconf 88' lang='lat' dir='ltr'>videlicet</span> <span class='ocrx_word' id='word_1_197' title='bbox 953 3769 1120 3832; x_wconf 83' lang='lat' dir='ltr'>familiam</span> <span class='ocrx_word' id='word_1_198' title='bbox 1140 3771 1369 3851; x_wconf 88' lang='lat' dir='ltr'>episcopalem</span> <span class='ocrx_word' id='word_1_199' title='bbox 1390 3776 1771 3841; x_wconf 86' lang='lat' dir='ltr'>excommunicandam</span> 
     </span>
     <span class='ocr_line' id='line_1_28' title="bbox 619 3870 1773 3951; baseline 0.01 -21"><span class='ocrx_word' id='word_1_200' title='bbox 619 3888 687 3931; x_wconf 92' lang='lat' dir='ltr'>non</span> <span class='ocrx_word' id='word_1_201' title='bbox 703 3889 786 3945; x_wconf 86' lang='lat' dir='ltr'>esse,</span> <span class='ocrx_word' id='word_1_202' title='bbox 805 3870 868 3930; x_wconf 87' lang='lat' dir='ltr'>nisi</span> <span class='ocrx_word' id='word_1_203' title='bbox 886 3870 937 3930; x_wconf 88' lang='lat' dir='ltr'>vel</span> <span class='ocrx_word' id='word_1_204' title='bbox 954 3870 1050 3949; x_wconf 93' lang='lat' dir='ltr'>prius</span> <span class='ocrx_word' id='word_1_205' title='bbox 1063 3872 1105 3931; x_wconf 91' lang='lat' dir='ltr'>ad</span> <span class='ocrx_word' id='word_1_206' title='bbox 1122 3871 1223 3933; x_wconf 93' lang='lat' dir='ltr'>illum</span> <span class='ocrx_word' id='word_1_207' title='bbox 1239 3874 1407 3951; x_wconf 91' lang='lat' dir='ltr'>premisso</span> <span class='ocrx_word' id='word_1_208' title='bbox 1422 3875 1582 3936; x_wconf 78' lang='lat' dir='ltr'>clamare.</span> <span class='ocrx_word' id='word_1_209' title='bbox 1597 3875 1773 3942; x_wconf 86' lang='lat' dir='ltr'>Otbertus</span> 
     </span>
     <span class='ocr_line' id='line_1_29' title="bbox 619 3970 1775 4056; baseline 0.005 -23"><span class='ocrx_word' id='word_1_210' title='bbox 619 3988 701 4033; x_wconf 93' lang='lat' dir='ltr'>cum</span> <span class='ocrx_word' id='word_1_211' title='bbox 728 3971 875 4030; x_wconf 88' lang='lat' dir='ltr'>maxima</span> <span class='ocrx_word' id='word_1_212' title='bbox 903 3971 1152 4050; x_wconf 87' lang='lat' dir='ltr'>indignatione,</span> <span class='ocrx_word' id='word_1_213' title='bbox 1180 3970 1309 4051; x_wconf 87' lang='lat' dir='ltr'>prefixa</span> <span class='ocrx_word' id='word_1_214' title='bbox 1334 3973 1401 4042; x_wconf 87' lang='lat' dir='ltr'>die,</span> <span class='ocrx_word' id='word_1_215' title='bbox 1424 3974 1638 4036; x_wconf 78' lang='lat' dir='ltr'>exactionem</span> <span class='ocrx_word' id='word_1_216' title='bbox 1660 3977 1775 4056; x_wconf 89' lang='lat' dir='ltr'>hujus</span> 
     </span>
     <span class='ocr_line' id='line_1_30' title="bbox 618 4070 1773 4143; baseline 0.006 -10"><span class='ocrx_word' id='word_1_217' title='bbox 618 4089 679 4134; x_wconf 90' lang='lat' dir='ltr'>sue</span> <span class='ocrx_word' id='word_1_218' title='bbox 698 4070 823 4143; x_wconf 69' lang='lat' dir='ltr'>iniurie</span> <span class='ocrx_word' id='word_1_219' title='bbox 842 4070 979 4131; x_wconf 87' lang='lat' dir='ltr'>Wiredo</span> <span class='ocrx_word' id='word_1_220' title='bbox 998 4071 1136 4142; x_wconf 81' lang='lat' dir='ltr'>indixit,</span> <span class='ocrx_word' id='word_1_221' title='bbox 1153 4083 1187 4133; x_wconf 93' lang='lat' dir='ltr'>et</span> <span class='ocrx_word' id='word_1_222' title='bbox 1207 4089 1248 4133; x_wconf 89' lang='lat' dir='ltr'>ne</span> <span class='ocrx_word' id='word_1_223' title='bbox 1263 4072 1403 4133; x_wconf 88' lang='lat' dir='ltr'>interim</span> <span class='ocrx_word' id='word_1_224' title='bbox 1418 4074 1460 4133; x_wconf 87' lang='lat' dir='ltr'>de</span> <span class='ocrx_word' id='word_1_225' title='bbox 1476 4074 1613 4136; x_wconf 87' lang='lat' dir='ltr'>duobus</span> <span class='ocrx_word' id='word_1_226' title='bbox 1628 4077 1773 4140; x_wconf 73' lang='lat' dir='ltr'>ecclesie</span> 
     </span>
     <span class='ocr_line' id='line_1_31' title="bbox 620 4171 1840 4255; baseline 0.007 -22"><span class='ocrx_word' id='word_1_227' title='bbox 620 4172 765 4242; x_wconf 90' lang='lat' dir='ltr'>allodiis,</span> <span class='ocrx_word' id='word_1_228' title='bbox 787 4171 912 4233; x_wconf 87' lang='lat' dir='ltr'>scilicet</span> <span class='ocrx_word' id='word_1_229' title='bbox 936 4172 1019 4232; x_wconf 84' lang='lat' dir='ltr'>Braz</span> <span class='ocrx_word' id='word_1_230' title='bbox 1037 4181 1071 4233; x_wconf 89' lang='lat' dir='ltr'>et</span> <span class='ocrx_word' id='word_1_231' title='bbox 1091 4171 1311 4251; x_wconf 90' lang='lat' dir='ltr'>Gruisponte,</span> <span class='ocrx_word' id='word_1_232' title='bbox 1331 4191 1367 4235; x_wconf 90' lang='lat' dir='ltr'>se</span> <span class='ocrx_word' id='word_1_233' title='bbox 1388 4173 1458 4235; x_wconf 94' lang='lat' dir='ltr'>ullo</span> <span class='ocrx_word' id='word_1_234' title='bbox 1473 4174 1577 4236; x_wconf 94' lang='lat' dir='ltr'>modo</span> <span class='ocrx_word' id='word_1_235' title='bbox 1589 4174 1774 4241; x_wconf 91' lang='lat' dir='ltr'>intromit-</span> <span class='ocrx_word' id='word_1_236' title='bbox 1805 4205 1840 4255; x_wconf 73' lang='lat'>³0</span> 
     </span>
     <span class='ocr_line' id='line_1_32' title="bbox 621 4273 1772 4353; baseline 0.007 -19"><span class='ocrx_word' id='word_1_237' title='bbox 621 4282 708 4335; x_wconf 89' lang='lat' dir='ltr'>teret</span> <span class='ocrx_word' id='word_1_238' title='bbox 733 4273 920 4334; x_wconf 85' lang='lat' dir='ltr'>interdixit.</span> <span class='ocrx_word' id='word_1_239' title='bbox 946 4273 1118 4345; x_wconf 79' lang='lat' dir='ltr'>wiredus,</span> <span class='ocrx_word' id='word_1_240' title='bbox 1135 4284 1314 4353; x_wconf 82' lang='lat' dir='ltr'>assumpto</span> <span class='ocrx_word' id='word_1_241' title='bbox 1330 4275 1514 4337; x_wconf 84' lang='lat' dir='ltr'>Lamberto</span> <span class='ocrx_word' id='word_1_242' title='bbox 1528 4281 1538 4308; x_wconf 91' lang='lat'>¹</span> <span class='ocrx_word' id='word_1_243' title='bbox 1553 4287 1589 4339; x_wconf 93' lang='lat' dir='ltr'>et</span> <span class='ocrx_word' id='word_1_244' title='bbox 1604 4275 1772 4348; x_wconf 87' lang='lat' dir='ltr'>Widone.</span> 
     </span>
    </p>
   </div>
   <div class='ocr_carea' id='block_1_4' title="bbox 621 4469 1778 4620">
    <p class='ocr_par' dir='ltr' id='par_1_4' title="bbox 621 4469 1778 4620">
     <span class='ocr_line' id='line_1_33' title="bbox 655 4469 1778 4536; baseline 0.004 -15"><span class='ocrx_word' id='word_1_245' title='bbox 655 4490 682 4523; x_wconf 84' lang='lat' dir='ltr'>a.</span> <span class='ocrx_word' id='word_1_246' title='bbox 701 4472 847 4523; x_wconf 88' lang='lat' dir='ltr'>obicerent</span> <span class='ocrx_word' id='word_1_247' title='bbox 859 4471 897 4521; x_wconf 74' lang='lat' dir='ltr'>A.</span> <span class='ocrx_word' id='word_1_248' title='bbox 909 4499 941 4508; x_wconf 91' lang='lat'>-</span> <span class='ocrx_word' id='word_1_249' title='bbox 959 4469 983 4523; x_wconf 74' lang='lat' dir='ltr'>l.</span> <span class='ocrx_word' id='word_1_250' title='bbox 1002 4470 1048 4520; x_wconf 84' lang='lat' dir='ltr'>W.</span> <span class='ocrx_word' id='word_1_251' title='bbox 1068 4472 1091 4520; x_wconf 88' lang='lat' dir='ltr'>.·l</span> <span class='ocrx_word' id='word_1_252' title='bbox 1102 4489 1112 4524; x_wconf 91' lang='grc'>,·</span> <span class='ocrx_word' id='word_1_253' title='bbox 1131 4472 1161 4520; x_wconf 76' lang='lat' dir='ltr'>de</span> <span class='ocrx_word' id='word_1_254' title='bbox 1178 4475 1262 4522; x_wconf 80' lang='lat' dir='ltr'>rne&#39;me</span> <span class='ocrx_word' id='word_1_255' title='bbox 1278 4472 1344 4523; x_wconf 81' lang='lat' dir='ltr'>dans</span> <span class='ocrx_word' id='word_1_256' title='bbox 1362 4472 1389 4522; x_wconf 90' lang='lat' dir='ltr'>la</span> <span class='ocrx_word' id='word_1_257' title='bbox 1406 4476 1484 4526; x_wconf 78' lang='lat' dir='ltr'>suite.</span> <span class='ocrx_word' id='word_1_258' title='bbox 1495 4500 1531 4512; x_wconf 95' lang='lat'>-</span> <span class='ocrx_word' id='word_1_259' title='bbox 1545 4489 1572 4528; x_wconf 88' lang='lat' dir='ltr'>c.</span> <span class='ocrx_word' id='word_1_260' title='bbox 1589 4473 1726 4536; x_wconf 62' lang='grc' dir='ltr'>ΒΜΔ,</span> <span class='ocrx_word' id='word_1_261' title='bbox 1741 4496 1778 4532; x_wconf 74' lang='grc' dir='ltr'>οι</span> 
     </span>
     <span class='ocr_line' id='line_1_34' title="bbox 621 4557 1013 4620; baseline -0.003 -13"><span class='ocrx_word' id='word_1_262' title='bbox 621 4558 654 4607; x_wconf 84' lang='lat' dir='ltr'>lit</span> <span class='ocrx_word' id='word_1_263' title='bbox 666 4558 814 4618; x_wconf 87' lang='lat' dir='ltr'>lumniam,</span> <span class='ocrx_word' id='word_1_264' title='bbox 828 4560 898 4607; x_wconf 72' lang='lat' dir='ltr'>irruis</span> <span class='ocrx_word' id='word_1_265' title='bbox 910 4557 1013 4620; x_wconf 77' lang='lat' dir='ltr'>consus.</span> 
     </span>
    </p>
   </div>
   <div class='ocr_carea' id='block_1_5' title="bbox 656 4883 972 4936">
    <p class='ocr_par' dir='ltr' id='par_1_5' title="bbox 656 4883 972 4936">
     <span class='ocr_line' id='line_1_35' title="bbox 656 4883 972 4936; baseline 0.006 -2"><span class='ocrx_word' id='word_1_266' title='bbox 656 4893 662 4919; x_wconf 89' lang='lat'><strong>¹</strong></span> <span class='ocrx_word' id='word_1_267' title='bbox 686 4883 820 4935; x_wconf 85' lang='lat' dir='ltr'>Lambert</span> <span class='ocrx_word' id='word_1_268' title='bbox 837 4884 972 4936; x_wconf 84' lang='lat' dir='ltr'>chcunc.</span> 
     </span>
    </p>
   </div>
   <div class='ocr_carea' id='block_1_6' title="bbox 0 0 2247 6116">
    <p class='ocr_par' dir='ltr' id='par_1_6' title="bbox 0 0 2247 6116">
     <span class='ocr_line' id='line_1_36' title="bbox 0 0 2247 6116; baseline 0 0"><span class='ocrx_word' id='word_1_269' title='bbox 0 0 2247 6116; x_wconf 95' lang='lat' dir='ltr'> </span> 
     </span>
    </p>
   </div>
  </div>
 </body>
</html>
