4450 6125
640 828 715 923 176
844 828 1157 909 cantatorium
1185 833 1279 910 sive
1313 829 1566 912 Chronicon

632 1125 767 1187 comitis
791 1122 949 1186 Balduini
972 1124 980 1149 ¹
1009 1123 1268 1185 hereditarium.
1294 1123 1404 1202 Huius
1429 1121 1555 1204 negotii
1576 1132 1779 1186 executores

631 1226 733 1307 elegit
748 1224 969 1303 Arnulphum
984 1231 1018 1284 et
1035 1222 1215 1304 Wigerum
1231 1224 1353 1315 fratres
1367 1222 1550 1285 Tudetiani
1564 1222 1667 1287 castri
1684 1222 1781 1285 nobi·

633 1325 732 1387 liores
747 1325 769 1398 ²,
796 1323 856 1403 qui
882 1334 978 1384 tanto
999 1322 1063 1384 sibi
1087 1323 1216 1385 adhoc
1239 1323 1446 1385 videbantur
1469 1323 1739 1404 opportuniores
1752 1334 1779 1395 ⁶.

632 1432 763 1506 quanto
775 1423 927 1502 predicto
934 1422 1048 1483 comiti
1061 1440 1101 1483 ex
1111 1422 1283 1484 vicinitate
1296 1423 1510 1504 privatiores.
1519 1421 1781 1501 Qualunctione

633 1535 759 1597 exacta,
776 1540 857 1585 cum
873 1523 1072 1584 viderentur
1088 1522 1233 1585 Otberto
1251 1523 1333 1585 satis
1353 1522 1539 1586 deservisse
1554 1524 1596 1584 ad
1612 1522 1778 1605 gratiam,

634 1632 880 1708 suggesserunt
911 1623 972 1697 illi,
1008 1623 1205 1685 mercedem
1238 1625 1342 1703 hujus
1374 1642 1435 1686 sue
1467 1622 1680 1686 executionis
1711 1640 1778 1685 non

633 1727 744 1788 solum
764 1724 814 1786 illi
833 1736 972 1804 paratos
993 1723 1177 1796 remittere,
1194 1724 1251 1785 sed
1273 1734 1306 1785 et
1326 1735 1497 1805 quantum
1518 1726 1666 1804 placeret
1686 1724 1718 1786 ei
1737 1725 1780 1785 de

635 1845 697 1889 suo
716 1827 857 1897 addere;
876 1834 1013 1886 tantum
1033 1823 1130 1885 daret
1149 1825 1324 1886 abbatiam
1341 1825 1457 1887 Sancti
1474 1825 1618 1888 Huberti
1639 1825 1780 1887 cuidam

634 1926 729 1992 fratri
758 1945 881 1988 eorum
910 1926 1143 2007 lngobrando,
1170 1925 1285 1988 Sancti
1318 1926 1409 1989 Petri
1438 1925 1569 1988 cenobii
1602 1925 1780 1989 Lobiensis

636 2032 815 2091 monacho.
847 2027 921 2102 Que
949 2043 1004 2086 res
1033 2043 1114 2088 cum
1144 2025 1294 2088 difficilis
1323 2027 1497 2089 videretur
1525 2027 1688 2100 Otberto‚
1722 2045 1780 2090 su·

636 2128 774 2211 perstite
803 2127 917 2189 adhuc
943 2128 1064 2188 abbate
1092 2127 1259 2209 legitimo,
1286 2127 1363 2189 licet
1389 2127 1453 2189 sibi
1474 2127 1721 2191 inobediente⁶
1746 2139 1780 2191 et

636 2230 818 2303 contrario,
846 2228 1030 2291 subintulit
1060 2246 1200 2309 presens
1223 2229 1270 2290 ibi
1301 2247 1414 2291 comes
1439 2229 1643 2309 Arnulphus
1675 2248 1781 2312 nepos

636 2349 754 2392 eorum
768 2320 789 2400 ³,
807 2329 858 2390 sic
877 2329 969 2408 quod
991 2345 1054 2407 pro
1076 2330 1140 2390 hoc
1160 2328 1237 2408 ipso
1255 2329 1547 2408 impedimentum
1569 2340 1721 2405 curaret,
1745 2331 1778 2392 id

635 2431 699 2493 sibi
711 2431 902 2492 curandum
916 2429 1135 2510 relinqueret,
1146 2427 1359 2492 felicemfore
1372 2430 1430 2491 tali
1444 2441 1668 2509 procuratore
1678 2432 1780 2494 abba·

637 2535 732 2606 tiam,
755 2533 863 2605 illam,
888 2530 1003 2610 nepoti
1028 2548 1091 2591 suo
1116 2546 1151 2591 se
1176 2529 1350 2592 adnitente
1365 2530 1391 2603 d,
1416 2548 1482 2591 non
1510 2531 1622 2594 multo
1643 2540 1722 2612 post
1742 2532 1777 2593 in

637 2634 782 2713 pristino
796 2640 889 2693 statu
906 2630 1174 2691 reformandam.
1196 2630 1361 2692 Otbertus
1375 2648 1457 2712 ergo
1477 2648 1558 2692 cum
1572 2631 1778 2713 aliquandiu

637 2731 838 2812 latigaretur
854 2737 905 2791 tot
919 2729 1206 2808 promissionibus
1221 2737 1254 2790 et
1269 2728 1452 2811 suffragiis,
1470 2741 1545 2792 tum
1561 2749 1644 2794 vero
1657 2731 1780 2813 impel-

670 2965 695 2996 a.
720 2946 919 3012 oportuniores
941 2946 978 2994 A.
998 2973 1030 2982 -
1052 2944 1076 2996 h,
1101 2946 1276 2997 inobedienti
1299 2947 1336 2996 A.
1356 2975 1388 2983 -
1411 2963 1435 2996 c.
1459 2947 1508 2998 sed
1528 2948 1566 3000 A.
1586 2977 1620 2986 -
1641 2949 1668 3002 d.
1693 2951 1780 3002 amit-

638 3041 715 3085 tente
728 3033 764 3085 el.

671 3399 678 3425 ¹
699 3391 846 3443 Baudouin
860 3393 910 3446 vl:
927 3410 993 3460 voy.
1004 3394 1146 3455 cidessus,
1161 3410 1188 3460 p.
1203 3395 1245 3456 66,
1259 3411 1287 3447 n.
1304 3410 1325 3445 r.

670 3486 679 3512 ²
698 3478 809 3530 Amoul
821 3489 848 3530 et
863 3479 959 3547 ll'iger
971 3481 1006 3532 de
1018 3479 1113 3531 Thuin
1127 3493 1191 3532 sont
1208 3484 1277 3533 cites
1294 3499 1404 3534 comme
1420 3484 1543 3537 temoms
1554 3486 1625 3540 dans
1637 3488 1781 3555 plusieurs

635 3568 754 3626 charles
772 3567 807 3618 de
827 3569 887 3629 1065
905 3570 921 3616 a
940 3580 1012 3628 1114.
1032 3567 1104 3633 Voy.
1122 3567 1177 3618 Cu.
1193 3566 1351 3631 Dt'vtviau,
1366 3569 1528 3622 Reclierclus
1544 3590 1594 3624 sur
1609 3574 1634 3625 le
1650 3575 1782 3629 Haimt

634 3655 727 3702 ancien
745 3654 780 3702 du
801 3652 865 3703 VII⁰
876 3669 912 3703 au
926 3651 999 3703 ΧΙΙθ
1011 3653 1095 3708 siecle,
1111 3670 1159 3719 pp.
1172 3668 1230 3716 402,
1244 3655 1302 3719 469,
1316 3657 1365 3721 489
1377 3666 1405 3707 et
1420 3672 1477 3721 513.
1497 3658 1619 3725 Amoul,
1637 3662 1738 3732 Wiger
1753 3675 1781 3717 et

636 3738 795 3805 lngobrand
806 3740 1028 3806 appartenaient,
1041 3739 1215 3802 semble-til,
1228 3744 1243 3791 a
1256 3741 1446 3809 l’importante
1459 3744 1564 3799 lamille
1575 3747 1611 3800 de
1624 3748 1783 3820 Rumiguy·

637 3824 801 3879 Florenues.
819 3826 891 3893 Voy.
910 3825 1044 3888 Rolano,
1059 3827 1182 3877 Histoire
1194 3829 1379 3897 genealogique
1390 3832 1420 3880 de
1431 3830 1457 3880 la
1470 3835 1573 3884 ,παίωνι
1586 3836 1617 3885 de
1627 3834 1783 3906 anrtr'grr)5

636 3910 779 3961 Florenms
791 3912 949 3976 (Amisus
966 3926 1003 3963 ua
1020 3913 1195 3965 insomnii
1212 3917 1459 3978 ancudoiooroue
1476 3932 1515 3970 ns
1527 3919 1653 3986 Ninus,
1667 3932 1689 3976 t.
1704 3923 1781 3986 xlx,

636 4014 682 4065 pp.
700 4013 755 4059 104,
769 4015 797 4049 n.
813 4013 836 4061 3,
850 4010 878 4050 et
892 4000 992 4066 suiv.).

668 4092 679 4130 3
699 4085 807 4137 Arnnul
828 4086 852 4136 ll
869 4086 904 4136 de
921 4087 1025 4153 Chiny,
1044 4087 1105 4154 deja
1124 4088 1179 4139 cite
1195 4088 1339 4150 cidessus,
1357 4106 1405 4157 pp.
1424 4105 1454 4154 33
1472 4101 1501 4143 et
1519 4093 1605 4156 suiv„
1623 4104 1667 4147 est
1685 4096 1728 4148 dit
1747 4098 1782 4149 ici

635 4189 711 4238 nepos
723 4171 872 4233 d'rlrnoul,
888 4172 984 4240 Wiger
996 4184 1024 4222 et
1039 4172 1212 4241 lngobrand;
1230 4174 1338 4226 d'autre
1354 4186 1426 4242 part,
1446 4176 1606 4247 ingobraud
1621 4190 1665 4233 ost
1680 4182 1782 4250 appele

634 4261 744 4311 ensuite
766 4276 842 4325 nepos
862 4259 1002 4310 d'Arnoul
1025 4258 1065 4318 ll:
1088 4260 1107 4309 il
1129 4276 1164 4310 en
1183 4261 1289 4311 resulte
1306 4277 1361 4328 que
1379 4279 1455 4326 nepos
1472 4275 1514 4315 est
1531 4266 1666 4334 employe
1684 4283 1736 4335 par
1755 4268 1782 4321 le

635 4347 826 4413 chroniqueur
839 4346 907 4396 dans
921 4346 1033 4406 lesem,
1047 4346 1190 4398 d'ailleurs
1204 4347 1335 4414 regulicr,
1354 4349 1389 4400 de
1407 4351 1516 4404 cousin.
1536 4370 1550 4399 ι
1562 4351 1646 4405 Cette
1664 4355 1782 4421 parente

636 4447 665 4479 se
676 4430 790 4497 justilie,
804 4432 826 4481 si
840 4431 896 4482 l’on
909 4431 1056 4482 considere
1069 4431 1175 4500 Wiger‚
1191 4432 1301 4483 Arnoul
1319 4445 1347 4484 et
1366 4434 1524 4502 lngobrand
1541 4451 1654 4490 oomme
1671 4439 1783 4492 enlanls

637 4516 671 4565 dc
689 4516 844 4568 (iodelruid
864 4517 901 4567 ll'
919 4518 954 4568 de
974 4518 1130 4570 Florennes
1147 4530 1175 4569 et
1193 4518 1377 4572 d'Hadeuide
1394 4521 1430 4572 de
1448 4521 1559 4591 Roucy.
1578 4523 1692 4579 Amoul
1703 4525 1731 4579 11
1747 4526 1782 4579 de

638 4601 730 4668 Chiny
743 4604 817 4653 avait
829 4619 864 4653 en
878 4604 943 4654 ell'et
956 4604 1061 4669 dpouse
1074 4620 1108 4655 en
1122 4606 1276 4671 premieres
1292 4622 1376 4659 noces
1390 4607 1535 4671 Adelaide‚
1549 4607 1608 4662 fille
1619 4609 1780 4674 dilutum,

638 4698 730 4738 comte
742 4688 777 4738 de
790 4689 973 4748 Montdidier,
987 4700 1014 4740 et
1031 4691 1127 4741 d'Alix
1145 4708 1181 4744 ou
1202 4692 1347 4755 :ldelaide
1366 4704 1504 4747 comtesse
1520 4694 1556 4748 de
1575 4695 1686 4766 Roucy,
1704 4714 1785 4752 soeur

637 4774 717 4823 alnee
729 4773 922 4825 d'lladewide.
937 4796 950 4821 s
965 4775 1098 4838 Roisxn,
1111 4794 1188 4830 oriar.
1201 4780 1259 4835 citc',
1275 4795 1303 4846 p.
1320 4794 1377 4844 105,
1391 4790 1468 4835 note.
1480 4780 1539 4833 Clr.
1552 4781 1716 4848 Gomlutr,
1729 4784 1788 4838 La

637 4868 730 4909 corrues
743 4862 773 4909 dc
786 4860 883 4928 Chiny,
899 4878 927 4928 p.
941 4877 982 4926 93.
