4450 6125
517 880 588 959 ¹72
722 851 1033 935 Caniniorium
1063 861 1156 936 sive
1192 853 1441 936 Chronicon

507 1150 792 1231 extorquentibus
813 1151 991 1213 minaciter
1011 1153 1171 1234 gloriam,
1194 1169 1296 1214 nemo
1316 1152 1494 1231 respondit
1512 1155 1555 1214 ad
1571 1171 1653 1232 gra-

508 1250 605 1323 tiam,
621 1249 679 1312 sed
699 1268 740 1312 ne
755 1251 957 1340 conticuisse
971 1254 1113 1315 omnino
1131 1253 1238 1314 nimia
1254 1252 1429 1314 videretur
1443 1252 1651 1333 indignatio,

508 1368 631 1432 quassa
647 1360 783 1412 tantum
798 1369 877 1412 voce
893 1352 1102 1416 Gislebertus
1117 1354 1212 1434 prior
1233 1352 1331 1425 dixit,
1348 1369 1384 1414 se
1404 1350 1524 1416 iratres
1544 1372 1653 1435 super

509 1451 563 1513 his
587 1450 622 1512 in
646 1469 832 1513 commune
855 1454 1083 1529 consulturos,
1108 1464 1142 1516 et
1168 1471 1231 1534 pro
1253 1471 1289 1516 re
1310 1462 1345 1515 et
1372 1461 1529 1533 tempore
1555 1457 1653 1537 quod

508 1551 617 1616 lacere
628 1553 802 1626 deberent,
816 1572 851 1616 se
866 1552 1024 1617 facturos.
1040 1555 1076 1617 ln
1087 1555 1278 1618 crastinum
1290 1554 1332 1615 de
1348 1553 1488 1635 negocio
1502 1563 1655 1619 tractan·
1701 1576 1715 1628 s

509 1654 612 1729 tibus,
627 1655 704 1716 licet
715 1654 925 1735 quibusdam
941 1666 1079 1718 nutaret
1094 1656 1129 1717 in
1144 1655 1280 1718 occulto
1292 1653 1370 1716 fidei
1387 1655 1573 1718 tenerrime
1588 1667 1657 1720 sta·

509 1766 577 1829 tus,
590 1755 624 1816 in
643 1757 731 1817 hanc
743 1768 758 1792 ‘²
774 1763 889 1817 tamen
904 1758 1110 1818 sententiam
1124 1755 1277 1819 discessit
1291 1755 1451 1817 omnium
1466 1755 1655 1821 meliorum

509 1873 705 1927 consensus,
723 1855 920 1936 legitimum
939 1858 1098 1919 abbatem
1113 1856 1162 1919 eis
1181 1874 1326 1936 preesse,
1341 1854 1502 1936 quamvis
1519 1859 1657 1922 contiu-

508 1965 604 2038 gerct
624 1973 704 2018 eum
724 1965 808 2017 tunc
834 1957 960 2029 abesse,
981 1974 1102 2019 eorum
1129 1957 1307 2019 communi
1326 1974 1467 2019 assensu
1488 1957 1591 2021 illum
1611 1961 1657 2023 ab

509 2057 668 2136 episcopo
687 2055 867 2117 dissentire
883 2055 906 2130 ⁶,
931 2056 1004 2118 sine
1028 2057 1235 2119 conscientia
1259 2059 1332 2133 ejus
1359 2074 1426 2118 non
1450 2057 1575 2122 debere
1596 2078 1656 2124 eos
1687 2081 1718 2119 ιο

510 2157 673 2238 cuiquam
697 2157 850 2221 maxime
866 2175 945 2220 cum
968 2158 1120 2237 periculo
1143 2157 1221 2221 fidei
1243 2158 1447 2228 consentire,
1471 2160 1657 2224 convenire

512 2260 581 2322 Deo
595 2258 831 2341 potiusquam
846 2259 979 2321 homini
994 2260 1132 2322 obedire
1146 2262 1167 2320 ¹.
1185 2261 1267 2323 Erat
1282 2269 1400 2322 autem
1415 2261 1658 2343 sollempnitas

512 2360 678 2439 Johannis
689 2360 845 2439 apostoli,
858 2379 926 2442 qua
943 2361 1104 2422 recolitur
1117 2371 1195 2423 ante
1208 2372 1342 2441 portam
1357 2362 1516 2425 Latinam
1529 2363 1659 2428 missus

513 2481 533 2524 a
549 2461 744 2524 Domitiano
757 2462 878 2524 Cesare
890 2461 925 2522 in
938 2462 1030 2523 dolio
1044 2459 1205 2525 ferventis
1219 2463 1284 2524 olei
1295 2463 1318 2525 ².
1334 2461 1534 2525 Posthabito
1549 2463 1659 2545 igitur

513 2562 648 2638 timore,
676 2580 757 2624 cum
786 2563 907 2625 fratres
934 2564 1090 2624 ordinem
1117 2580 1221 2624 suum
1245 2572 1507 2644 exequerentur,
1532 2572 1568 2627 et
1592 2583 1659 2631 suo
1689 2583 1716 2634 ¹5

512 2675 667 2744 tempore
693 2665 762 2743 jam
787 2663 896 2744 major
918 2665 1021 2727 missa
1045 2665 1287 2738 celebraretur,
1314 2681 1388 2726 ecce
1411 2668 1661 2746 superveniens

513 2764 679 2826 Otbertus
693 2781 775 2826 cum
796 2764 953 2827 tumultu
975 2774 1008 2826 et
1031 2765 1081 2826 ira
1103 2774 1280 2843 patentem
1302 2763 1443 2826 intravit
1465 2765 1659 2844 ecclesiam,

513 2873 546 2927 et
562 2863 655 2926 nulla
674 2865 862 2926 reverentia
879 2865 1045 2944 premissa
1055 2865 1232 2939 orationis,
1244 2882 1325 2927 cum
1338 2863 1452 2927 furore
1464 2867 1661 2944 superiores

513 2966 680 3028 cancellos
698 2984 733 3027 se
756 2966 928 3045 proripuit
942 2979 966 3035 ⁶,
991 2966 1218 3047 manibusque
1237 2965 1369 3036 iniectis
1387 2963 1533 3026 diacono
1554 2984 1659 3030 evau-

513 3066 644 3149 gelium
679 3066 816 3147 legenti,
848 3066 977 3128 librum
1012 3065 1146 3141 clausit,
1181 3076 1216 3127 et
1249 3075 1388 3144 ceptum
1423 3062 1578 3129 officium
1607 3068 1659 3132 ira
1687 3088 1717 3125 20

513 3168 663 3229 dictante
688 3167 1024 3229 intermittendumd
1048 3167 1224 3228 minaciter
1249 3165 1366 3227 edixit.
1396 3164 1524 3227 Deinde
1550 3168 1660 3232 totius

515 3285 608 3330 more
623 3267 808 3349 impatiens
822 3278 959 3348 arrepta
974 3268 1175 3330 sacerdotali
1194 3268 1292 3342 stola,
1314 3268 1499 3328 ambonem
1512 3278 1525 3305 ‘
1539 3285 1659 3331 ascen·

513 3369 574 3442 dit,
599 3378 633 3430 et
652 3368 724 3430 sine
748 3368 817 3431 ulla
839 3370 1078 3432 retractatione
1101 3369 1262 3430 abbatem
1282 3368 1460 3429 absentem
1474 3378 1509 3430 et
1523 3386 1582 3432 eos
1596 3372 1658 3452 qui

512 3466 1659 3547 secumexierantnominatimexcommunicavit,causatuspublice

512 3588 592 3633 eum
606 3569 746 3631 meliora
757 3569 894 3632 ecclesie
905 3568 1213 3649 ornamentaquasi
1222 3567 1656 3649 sacrilegumsubduxisse,
1686 3591 1715 3642 ις

513 3670 577 3744 vel,
599 3671 691 3751 quod
720 3670 828 3752 magis
850 3688 929 3733 eum
953 3670 1131 3752 gravabat,
1153 3668 1217 3731 sibi
1239 3669 1338 3750 quasi
1360 3670 1659 3734 excommunicato

515 3790 582 3834 non
593 3773 861 3834 communicare.
876 3769 1128 3851 Obstupefactis
1141 3770 1445 3832 circumstantibus
1456 3770 1492 3831 in
1506 3771 1660 3835 admira-

478 3864 483 3877 '
514 3871 605 3934 tione
626 3872 672 3933 sic
692 3870 853 3933 effrenate
868 3870 1175 3944 immoderationis,
1196 3887 1276 3933 cum
1296 3870 1394 3933 adea
1412 3870 1660 3951 quevidebant

512 3972 822 4035 scandalizarentur
836 3972 974 4053 singuli,
991 3981 1068 4034 tum
1084 3971 1135 4033 vel
1152 3971 1303 4034 maximo
1318 3970 1450 4051 pudore
1463 3968 1660 4034 afficieban-

513 4084 571 4137 tur
592 4072 652 4155 qui
674 4091 753 4135 cum
776 4090 815 4134 co
837 4081 999 4135 venerant
1024 4072 1155 4134 nobiles
1179 4072 1266 4149 laici,
1288 4082 1322 4135 et
1349 4082 1385 4135 ut
1406 4071 1536 4153 quique
1557 4084 1659 4138 erant
1687 4097 1720 4148 3⁰

546 4309 573 4343 a.
598 4294 653 4342 han
673 4293 710 4343 A.
732 4322 765 4331 -
787 4290 810 4345 l.
835 4291 972 4344 disentire
992 4293 1030 4342 A.
1051 4319 1083 4329 -
1106 4306 1130 4341 c.
1155 4291 1295 4357 preripuit
1315 4291 1352 4341 A.
1374 4319 1407 4328 -
1429 4290 1455 4340 d.
1479 4290 1659 4345 intermiten·

513 4377 581 4427 dum
593 4379 631 4428 A.
645 4405 676 4415 -
693 4394 715 4430 c.
736 4377 889 4430 umbonem
902 4378 939 4439 A,
954 4377 1159 4435 verbonemA1
1173 4386 1201 4428 et
1213 4378 1262 4444 ⁴⁴¹3·

550 4732 557 4759 ¹
577 4725 639 4775 Act.
654 4723 757 4788 Apost,
772 4722 820 4785 IV,
837 4738 865 4790 ¹9
880 4738 886 4774 ε
901 4752 932 4762 -
942 4753 974 4763 -
984 4752 1014 4763 -
1033 4723 1066 4775 Si
1075 4726 1184 4788 justum
1202 4732 1239 4774 est
1256 4725 1284 4774 in
1301 4732 1438 4789 conspectu
1451 4723 1507 4775 Dei
1517 4740 1562 4777 vos
1568 4730 1666 4795 potius

514 4812 610 4863 audire
621 4825 701 4878 quam
715 4810 816 4866 Deum,
833 4839 863 4847 --
873 4840 904 4848 -
913 4839 956 4864 -.

550 4906 558 4932 ²
578 4897 617 4949 La
631 4896 767 4948 me'moire
782 4897 818 4949 de
834 4898 905 4948 saint
917 4897 988 4948 Jean
1000 4897 1103 4948 devant
1115 4897 1141 4948 la
1154 4896 1240 4949 Porte
1252 4896 1352 4949 Latine
1364 4912 1394 4949 se
1406 4896 1517 4950 celebre
1529 4896 1585 4954 les
1596 4905 1668 4962 mai,
1698 4918 1720 4972 3!
