4450 6125
625 870 700 971 ιο]
828 842 1140 922 cantatorium
1171 847 1264 921 siue
1300 841 1554 923 Chrouieou

617 1139 755 1215 fuerint,
783 1140 810 1202 si
836 1138 915 1221 quis
941 1141 1069 1202 certius
1099 1157 1198 1201 nosse
1224 1140 1382 1213 voluerit,
1410 1157 1450 1201 ex
1479 1140 1590 1202 Gestis
1615 1140 1759 1203 Franco·

618 1258 698 1303 rum
714 1241 736 1314 ¹,
761 1259 821 1321 per
843 1250 999 1320 tempora
1026 1258 1148 1319 regum
1176 1250 1209 1300 et
1234 1239 1431 1319 principum
1454 1241 1598 1320 probare
1621 1241 1757 1320 poterit.

621 1343 763 1422 Pipinus
785 1342 876 1403 enim
900 1342 1033 1421 primus
1049 1339 1152 1420 hujus
1169 1339 1318 1401 nominis
1332 1343 1397 1402 sub
1414 1340 1577 1403 [othario
1593 1359 1684 1424 rege,
1700 1342 1760 1424 qui

619 1443 684 1505 fuit
710 1441 802 1505 filius
829 1442 989 1522 Hilperici
1016 1460 1055 1504 ex
1084 1443 1108 1503 F
1112 1441 1319 1522 redegunde‚
1347 1442 1417 1503 dux
1444 1452 1477 1502 et
1505 1441 1761 1522 majordomus

621 1544 746 1616 extitit,
778 1543 912 1624 negotia
945 1543 1040 1623 regni
1071 1542 1257 1620 disponens
1287 1560 1368 1603 cum
1401 1542 1543 1603 domino
1574 1543 1762 1606 Cuniberto
1803 1563 1814 1612 5

621 1644 877 1724 archiepiscopo
903 1644 1106 1706 Coloniensi.
1136 1642 1203 1719 Qui
1219 1655 1233 1679 ¹⁸
1258 1643 1322 1704 sub
1348 1643 1484 1724 regibus
1512 1643 1705 1725 Dagoberto
1730 1654 1763 1706 et

621 1745 791 1827 Sigiberto
818 1745 976 1806 nobiliter
1001 1753 1033 1805 et
1059 1743 1232 1824 sapienter
1257 1761 1292 1805 se
1313 1760 1418 1823 agens
1440 1743 1688 1822 perseveravit;
1709 1744 1764 1807 hic

619 1848 740 1929 genuit
761 1865 802 1908 ex
826 1848 906 1908 idda
932 1863 1037 1908 uxore
1052 1863 1116 1906 sua
1132 1844 1235 1906 nobiti
1251 1855 1284 1906 et
1302 1844 1460 1925 religiosa
1475 1842 1715 1907 Grimoaldum
1731 1855 1765 1907 et

619 1950 771 2030 Beggam
787 1956 820 2008 et
838 1950 972 2009 beatam
988 1946 1206 2009 Gertrudem.
1227 1946 1339 2026 Begga
1355 1963 1435 2006 vero
1451 1954 1558 2025 nupta
1573 1942 1586 1982 ὃ
1601 1947 1765 2028 ansegiso

620 2049 701 2110 duci
716 2048 836 2130 genuit
853 2048 944 2109 hunc
960 2057 1118 2108 nostrum
1137 2045 1313 2126 Pipinum‚
1326 2047 1517 2108 secundum
1532 2046 1639 2124 hujus
1655 2047 1764 2109 nomi·
1794 2067 1820 2104 io

504 2167 568 2217 vua
623 2149 686 2223 uis,
709 2159 864 2227 tempore
888 2145 1029 2209 Hildrici
1051 2157 1084 2208 et
1107 2146 1307 2207 Theoderici
1332 2164 1465 2227 regum.
1491 2153 1584 2205 Sub²
1605 2156 1668 2207 hoc
1691 2154 1765 2207 Hit-

487 2235 577 2314 ,fflffla
621 2249 717 2300 drico
739 2248 857 2300 beatus
877 2247 1079 2299 Lambertus
1101 2248 1134 2297 in
1155 2247 1355 2313 episcopatu
1375 2246 1616 2315 Trajectensic
1638 2250 1764 2318 viguit.

477 2300 600 2419 δὺὲῗῖῃ
622 2334 855 2386 Theodericus
878 2343 989 2385 autem
1015 2350 1086 2394 rex,
1113 2343 1148 2384 ut
1173 2342 1245 2384 erat
1270 2334 1463 2386 hebetioris
1480 2335 1498 2374 d
1517 2336 1662 2403 ingenii,
1686 2337 1766 2389 abu-

466 2405 718 2500 ,7‚13‚'25si0ne
738 2422 942 2489 nequissimi
962 2421 1122 2482 Ebroini,
1144 2422 1200 2488 qui
1224 2431 1297 2471 erat
1321 2421 1427 2487 major
1450 2422 1568 2473 domus
1591 2423 1679 2490 ejus,
1701 2440 1766 2475 am·

473 2512 601 2567 39etseq.
624 2511 754 2562 modum
776 2510 863 2576 apud
883 2510 1030 2561 Francos
1049 2508 1167 2559 viluit.
1186 2506 1255 2558 Nec
1274 2507 1382 2559 multo
1400 2517 1477 2573 post
1495 2508 1688 2573 Hildricus,
1707 2512 1765 2579 qui
1796 2527 1822 2578 ις

623 2606 694 2648 erat
715 2598 907 2663 potentior,
933 2598 966 2648 in
989 2596 1144 2649 venando
1168 2595 1319 2658 interiit,
1342 2595 1559 2661 interceptus
1582 2612 1598 2646 a
1621 2598 1765 2664 quodam

622 2684 789 2735 Bodilone
811 2683 936 2743 nobili,
961 2698 1058 2749 quem
1082 2690 1201 2732 contra
1225 2681 1333 2748 legem
1359 2681 1523 2748 majorum
1546 2682 1585 2734 ad
1609 2683 1765 2751 stipitem

622 2771 763 2839 ligatum
789 2769 915 2821 fecerat
939 2770 1028 2833 cedi;
1054 2777 1085 2819 et
1110 2784 1182 2819 cum
1205 2776 1280 2834 post
1301 2783 1376 2818 eum
1398 2768 1634 2821 Theodericus
1655 2779 1765 2823 totum

622 2867 835 2933 percepisset
859 2880 1012 2933 regnum,
1038 2856 1144 2918 tercio
1173 2874 1264 2917 anno
1292 2864 1470 2929 predictus
1495 2863 1636 2931 Pipinus
1660 2866 1766 2918 Anse-

622 2962 687 3028 gisi
711 2971 743 3012 et
767 2961 878 3028 Begge
901 2959 1013 3021 filius,
1040 2959 1107 3010 dux
1134 2957 1391 3010 Austrasiorum
1421 2958 1530 3011 factus
1557 2960 1707 3013 invaluit
1733 2972 1765 3013 et
1795 2983 1828 3019 20

623 3044 757 3097 beatum
777 3045 1010 3107 Lambertum‚
1033 3045 1256 3113 suggestione
1279 3045 1421 3097 Ebroini
1442 3056 1475 3097 et
1495 3045 1645 3098 factione
1665 3046 1767 3100 Colo·

623 3135 753 3186 niensis
779 3135 933 3200 episcopi
962 3133 1001 3186 ab
1030 3134 1231 3200 episcopatu
1262 3133 1423 3199 ejectum,
1454 3133 1639 3187 exturbato
1669 3135 1768 3187 Fara-

624 3221 761 3284 niundo,
790 3221 859 3272 sedi
887 3237 945 3272 sue
972 3221 1130 3272 restituit
1157 3229 1235 3285 post
1262 3222 1479 3285 septennium
1510 3222 1640 3288 injuste
1669 3222 1768 3274 illius

624 3309 806 3375 ejectionis
830 3324 897 3360 sue.
924 3307 1000 3374 Ipse
1020 3322 1156 3374 quoque
1180 3314 1316 3372 sanctus
1341 3306 1497 3372 pontifex
1518 3316 1595 3374 post
1616 3308 1650 3359 in
1671 3308 1767 3361 brevi

625 3409 686 3461 pro
717 3394 917 3446 defensione
950 3393 1109 3445 veritatis
1141 3401 1173 3443 et
1204 3393 1392 3458 castitatis,
1424 3401 1458 3444 ut
1488 3395 1520 3444 in
1549 3393 1666 3446 Gestis
1694 3396 1768 3463 ejus
1796 3412 1827 3462 25

626 3488 768 3557 legitur,
791 3489 948 3540 martirio
971 3496 1156 3540 coronatus
1179 3487 1357 3549 occubuit,
1383 3482 1482 3561 eique
1507 3482 1543 3542 in
1568 3482 1769 3563 episcopatu

625 3587 745 3647 beatus
764 3585 938 3647 Hubertus
959 3583 1129 3645 successit.
1155 3583 1232 3659 Quo
1257 3583 1361 3643 etiam
1388 3591 1554 3661 tempore,
1578 3584 1670 3645 dono
1692 3602 1769 3665 pre-

623 3687 703 3749 dicti
735 3686 846 3767 Pipini
875 3687 1015 3767 ejusque
1042 3685 1159 3746 uxoris
1184 3683 1383 3758 Plectrudis‚
1409 3685 1524 3746 locum
1546 3683 1767 3767 Andaginum

624 3787 744 3849 celitus
763 3788 980 3867 designatum
1001 3785 1224 3848 excolendum
1249 3784 1428 3865 Beregisus
1450 3786 1610 3865 suscepit.
1629 3785 1671 3847 Et
1686 3786 1767 3866 quia

657 3982 683 4016 a.
697 3963 800 4030 quibus
812 3966 847 4013 A.
864 3993 894 4002 -
913 3964 935 4016 h.
950 3980 1018 4014 vero
1032 3974 1118 4028 nupta
1131 3963 1225 4027 cousus
1238 3965 1274 4014 Α.
1290 3993 1321 4000 -
1339 3980 1362 4015 c.
1378 3965 1549 4031 tregentensi
1563 3965 1599 4015 .·l.
1615 3992 1646 4002 —
1664 3965 1690 4017 d.
1705 3965 1770 4017 ebe-
1800 3982 1833 4031 30

626 4052 706 4102 tioris
724 4052 760 4102 Α.

661 4293 667 4319 ¹
695 4285 734 4336 Le
762 4283 838 4334 Gesta
863 4284 968 4349 Regum
993 4282 1179 4339 Francorum,
1206 4299 1298 4334 connu
1323 4283 1423 4349 depuis
1447 4284 1574 4334 l'edition
1597 4284 1632 4334 de
1657 4282 1772 4336 Krusch

628 4368 731 4429 SRM„
747 4368 783 4429 11,
797 4385 862 4420 sous
876 4369 981 4420 lenoni
995 4369 1029 4419 de
1041 4367 1122 4418 Liber
1136 4369 1271 4418 Historiae
1285 4369 1463 4431 Francorum,
1478 4370 1605 4420 contient
1621 4376 1718 4421 toutes
1731 4369 1773 4421 les·

626 4454 751 4505 donnees
764 4455 909 4514 cidessus,
931 4453 993 4504 saut
1007 4453 1078 4504 celle
1090 4453 1208 4504 relative
1224 4452 1400 4513 iiCunihert‚
1416 4468 1503 4521 voyez
1516 4469 1555 4504 cc.
1571 4467 1611 4517 35,
1626 4467 1668 4515 41,
1682 4468 1725 4516 42,
1739 4468 1771 4519 45

627 4550 654 4592 et
676 4543 717 4603 46,
740 4541 831 4592 tandis
852 4556 906 4608 que
929 4540 1104 4609 Fredegaire,
1128 4540 1165 4591 IV
1189 4540 1308 4607 (SRM.,
1333 4540 1385 4605 ΙΙ),
1411 4540 1452 4591 les
1475 4542 1602 4591 contient
1625 4549 1731 4603 toutes,
1754 4558 1773 4610 y
1804 4565 1834 4616 35

626 4630 749 4695 compris
765 4627 884 4679 celle-la.
902 4629 997 4693 Quant
1016 4643 1069 4678 aux
1086 4643 1168 4679 noms
1183 4627 1269 4687 d'lde,
1289 4626 1381 4694 Begge
1400 4636 1428 4676 et
1446 4626 1598 4687 Gertrude,
1617 4626 1644 4677 le
1659 4628 1774 4680 chroni-

626 4732 717 4784 queur
730 4731 764 4765 ne
777 4714 842 4766 lesa
856 4714 971 4765 trouves
985 4716 1013 4764 ni
1026 4715 1094 4765 dans
1107 4714 1133 4764 le
1146 4713 1225 4764 Liber
1239 4715 1374 4764 Historiae
1385 4715 1413 4763 ni
1426 4713 1494 4763 dans
1511 4713 1532 4764 F
1535 4712 1687 4778 redegaire,
1702 4716 1774 4766 mais

626 4803 695 4854 dans
707 4802 733 4855 lc
750 4801 807 4851 i'ita
821 4801 934 4851 Sanctae
948 4801 1110 4852 Geretrudis.

661 4898 670 4924 ²
689 4892 753 4942 siri.
769 4890 831 4943 NS..
846 4901 865 4940 t.
883 4889 951 4938 Vde
964 4887 1135 4954 septembre.
