4450 6125
851 870 1005 956 Sancti
1040 875 1252 960 Habenti.
1528 913 1608 996 227

473 1159 573 1213 testes
598 1155 696 1213 erant
722 1148 849 1231 pretate
873 1151 1090 1226 conditionis,
1122 1153 1346 1218 confirmatus
1374 1173 1415 1218 ex
1445 1160 1507 1221 hoc
1535 1161 1611 1240 ipso

472 1254 600 1329 justam
621 1252 798 1332 querelam
819 1252 955 1333 agendi,
971 1253 1097 1332 scripto
1121 1256 1297 1317 mandavit
1315 1256 1463 1332 Wiredo‚
1479 1277 1515 1320 se
1530 1261 1611 1322 satis

472 1372 644 1436 superque
681 1353 811 1428 mirari,
847 1355 947 1416 illum
983 1364 1054 1417 tam
1089 1355 1313 1435 impudenter
1351 1357 1500 1437 potuisse
1538 1358 1609 1422 fieri

473 1464 668 1516 monstrum
685 1465 758 1517 tam
773 1455 904 1516 diverse
920 1454 1222 1527 dissimilitudinis,
1241 1465 1279 1518 ut
1294 1475 1314 1518 a
1329 1457 1496 1520 sententia
1515 1461 1613 1538 cuius

431 1571 443 1620 5
473 1554 555 1616 olim
581 1573 695 1617 secum
722 1555 831 1616 iuerat
855 1554 1044 1617 acerrimus
1069 1564 1229 1628 assertor,
1256 1567 1328 1618 tam
1357 1557 1423 1619 cito
1451 1559 1612 1622 exciderit

473 1655 679 1734 apostaticus
694 1657 884 1730 desertor&
900 1655 1046 1736 ideoque
1063 1655 1194 1716 nullam
1213 1656 1276 1718 sibi
1292 1657 1444 1719 debitam
1459 1659 1495 1720 in
1510 1661 1613 1723 eccle-

472 1753 617 1816 siasticis
637 1754 862 1836 dignitatibus
885 1756 1121 1835 prelationem,
1144 1773 1224 1817 cum
1246 1757 1349 1818 etiam
1372 1775 1433 1838 pro
1455 1744 1612 1822 mercede

474 1855 578 1933 hujus
603 1855 795 1938 iniquitatis
821 1856 1001 1936 apostolice
1025 1857 1116 1918 sedis
1142 1857 1333 1936 prodiderit
1353 1859 1610 1935 auctoritatem3

475 1956 528 2017 vel
550 1957 691 2029 sicum,
713 1966 752 2018 ut
774 1958 889 2019 minus
911 1957 1087 2030 scientem,
1107 1975 1170 2019 suo
1191 1959 1327 2020 seduxit
1348 1959 1497 2029 consilio,
1519 1970 1558 2023 ut
1579 1979 1614 2024 se

421 2079 449 2114 ιο
476 2057 610 2119 abbatia
627 2076 690 2137 pro
704 2058 833 2120 Christi
850 2057 915 2119 fide
931 2057 1065 2137 privato
1080 2056 1315 2121 fraudulenter
1328 2060 1401 2139 ejus
1419 2061 1614 2123 succederet

476 2159 562 2233 loco,
578 2159 612 2219 in
628 2158 784 2221 condicto
804 2176 824 2220 a
842 2175 877 2219 se
896 2158 1032 2221 ecclesie
1050 2159 1201 2221 Romane
1221 2159 1349 2237 judicio
1367 2177 1408 2222 ex
1429 2160 1483 2222 his
1502 2161 1614 2223 omni·

478 2262 540 2322 bus
568 2259 658 2322 inter
685 2277 742 2321 eos
769 2269 929 2342 ageretur
958 2259 1133 2322 discussio.
1172 2259 1317 2340 Scripsit
1345 2269 1461 2323 autem
1490 2262 1521 2323 ei
1550 2263 1614 2324 hoc

476 2362 589 2424 modo.

516 2463 546 2524 F
546 2469 635 2523 raler
659 2461 897 2523 Theodericust
921 2463 1081 2541 ceterique
1096 2463 1224 2541 fratres
1250 2464 1464 2542 dispersionis
1488 2465 1615 2527 ecclesie

424 2589 446 2637 ις
476 2563 562 2626 beati
588 2564 682 2624 Petri
708 2568 739 2624 et
769 2563 853 2624 beati
880 2563 1033 2640 Huberti,
1064 2563 1225 2625 Wiredo⁶
1253 2565 1354 2625 nimis
1381 2565 1555 2627 ambitioso
1582 2571 1614 2627 et

473 2665 711 2726 inconsiderate
735 2664 883 2743 gloriam
908 2665 1080 2743 propriam
1102 2663 1121 2702 ‘¹
1143 2667 1302 2744 querenti,
1333 2670 1362 2726 et
1391 2666 1426 2725 in
1455 2666 1515 2727 hoc
1543 2667 1614 2744 ipso

474 2771 588 2827 contra
617 2765 723 2825 Deum
751 2771 780 2825 ct
808 2766 1020 2842 apostolicam
1048 2767 1154 2826 sedem
1182 2766 1369 2844 faventibus
1396 2765 1472 2828 sibi.
1503 2767 1614 2829 Filius

473 2869 579 2927 eterni
596 2866 714 2940 patris,
730 2884 856 2945 semper
874 2872 1042 2928 coeternus
1060 2873 1091 2928 et
1109 2868 1272 2946 coequalis
1291 2869 1322 2928 ei
1340 2868 1374 2928 in
1394 2868 1519 2930 unitate
1536 2868 1613 2948 Spi-

474 2969 559 3029 ritus
578 2965 705 3040 Sancti,
727 2985 792 3027 non
812 2968 966 3046 rapinam
987 2969 1173 3029 arbitratus
1191 2987 1225 3029 se
1245 2969 1391 3048 equalem
1413 2968 1490 3042 Deo,
1514 2987 1612 3030 seme·

421 3090 449 3127 20
475 3068 597 3148 tipsum
621 3069 816 3143 exinanivit,
843 3074 873 3128 ct
897 3075 1067 3143 assumpta
1089 3070 1200 3148 forma
1224 3072 1312 3131 servi
1334 3073 1405 3131 siue
1430 3071 1614 3132 conditione

474 3171 597 3245 servili,
620 3171 768 3232 oblatum
792 3172 858 3232 sibi
882 3189 1022 3250 regnum
1045 3173 1209 3251 fugiendo
1234 3173 1406 3244 recusavit,
1429 3177 1460 3232 et
1484 3191 1612 3233 crucem

474 3274 538 3334 sibi
554 3272 715 3350 bajulans,
731 3274 774 3333 ad
789 3278 925 3334 mortem
941 3291 1002 3350 pro
1017 3273 1108 3334 nobis
1126 3275 1214 3334 ultro
1228 3273 1400 3345 descendit,
1416 3290 1512 3351 seque
1525 3275 1611 3334 riam

475 3375 684 3448 numilitatis,
701 3393 764 3436 non
781 3376 985 3454 arrogantie,
1001 3376 1173 3435 constituit
1188 3375 1411 3436 imitatoribus
1425 3374 1506 3435 suis.
1524 3374 1612 3435 Idem

475 3494 654 3555 resurgens
668 3494 687 3536 a
703 3477 856 3548 mortuis,
874 3477 908 3536 in
925 3476 1016 3537 trina
1035 3474 1233 3555 consessione
1253 3476 1436 3536 dilectionis
1457 3494 1525 3551 suc,
1540 3493 1613 3536 ores

423 3594 449 3647 25
476 3597 558 3660 quas
582 3578 748 3657 sanguine
771 3595 831 3639 suo
855 3577 1045 3648 redemerat,
1072 3577 1173 3637 Petro
1197 3576 1371 3636 commisit.
1396 3575 1516 3636 Petrus
1536 3593 1612 3636 cum

474 3682 549 3742 data
563 3680 627 3741 sibi
641 3684 793 3757 potestate
808 3679 941 3757 ligandi
954 3684 982 3739 et
996 3677 1154 3751 solvendi,
1169 3678 1312 3737 eamdem
1333 3676 1561 3738 auctoritatem
1582 3681 1613 3737 ct

471 3800 586 3843 curam
601 3781 670 3841 sedi
685 3780 830 3841 Romane
845 3780 991 3858 reliquit.
1010 3777 1145 3841 Constat
1166 3796 1246 3856 ergo
1262 3776 1395 3839 Christo
1410 3795 1608 3857 repugnare,

471 3882 680 3943 ecclesiastice
703 3880 896 3941 auctoritati
920 3885 949 3941 et
970 3880 1144 3958 apostolice
1162 3879 1232 3939 sedi
1252 3896 1318 3939 non
1339 3877 1479 3950 obedire,
1504 3886 1533 3939 et
1557 3897 1610 3940 eos

471 3988 577 4045 eterne
592 3983 709 4043 mortis
724 3982 852 4042 diluvio
867 3981 1001 4054 involvi,
1017 3982 1078 4060 qui
1090 3985 1186 4041 extra
1201 3981 1336 4040 archam
1356 3980 1511 4041 catholice
1532 3981 1608 4040 uni·

420 4099 447 4147 30
472 4086 548 4145 tatis
562 4083 689 4161 fuerint
704 4084 834 4162 reperti.
853 4083 907 4143 Ad
922 4083 1007 4142 banc
1019 4080 1124 4158 fidem
1146 4082 1314 4142 tenendam
1334 4082 1473 4142 domnus
1488 4081 1607 4141 Beren-

470 4204 572 4265 gerus
586 4202 661 4245 cum
676 4184 759 4257 suis,
776 4188 880 4244 vestra
895 4200 1023 4260 quoque
1040 4182 1209 4242 industria
1232 4182 1360 4242 doctior
1380 4187 1410 4245 el
1430 4180 1608 4257 ferventior

502 4399 527 4434 a,
546 4381 628 4432 Dans
638 4381 676 4438 A,
690 4397 724 4431 on
736 4379 769 4431 lit
779 4380 901 4432 disertor
913 4380 1014 4445 corrigi
1023 4394 1054 4428 en
1071 4378 1208 4430 desertor.
1222 4406 1254 4415 -
1272 4375 1295 4426 b.
1314 4376 1348 4427 T.
1365 4377 1402 4427 A.
1416 4406 1448 4415 —
1465 4393 1488 4429 c.
1508 4375 1553 4430 W.
1567 4378 1605 4430 Α.

468 4498 501 4507 -
518 4470 544 4519 d.
563 4468 705 4536 propriam
718 4468 812 4534 consus
823 4468 890 4517 dans
901 4466 938 4516 Α.

471 4756 599 4809 derniere
615 4757 706 4823 partie
721 4755 757 4808 de
773 4764 855 4808 notre
872 4763 948 4807 texte
961 4756 1133 4808 concordent
1145 4764 1226 4807 entre
1237 4770 1293 4807 eux
1304 4754 1389 4807 d'une
1400 4753 1480 4819 sapon
1492 4754 1608 4823 parisite

421 4858 446 4909 35
472 4850 498 4895 et
516 4844 641 4896 revelent
659 4844 726 4895 chez
743 4854 824 4895 notre
841 4844 1032 4909 chroniqueur
1049 4858 1104 4895 une
1121 4841 1303 4895 information
1320 4842 1355 4894 de
1373 4851 1452 4894 toute
1469 4842 1608 4910 premiere

473 4945 554 4982 marn.
