<?xml version="1.0" encoding="UTF-8"?>
<!DOCTYPE html PUBLIC "-//W3C//DTD XHTML 1.0 Transitional//EN"
    "http://www.w3.org/TR/xhtml1/DTD/xhtml1-transitional.dtd">
<html xmlns="http://www.w3.org/1999/xhtml" xml:lang="en" lang="en">
 <head>
  <title>
</title>
<meta http-equiv="Content-Type" content="text/html;charset=utf-8" />
  <meta name='ocr-system' content='tesseract 3.04.00' />
  <meta name='ocr-capabilities' content='ocr_page ocr_carea ocr_par ocr_line ocrx_word'/>
</head>
<body>
  <div class='ocr_page' id='page_1' title='image "./lachroniquedesa00minogoog_0159.png"; bbox 0 0 4450 6125; ppageno 0'>
   <div class='ocr_carea' id='block_1_1' title="bbox 843 859 1613 972">
    <p class='ocr_par' dir='ltr' id='par_1_1' title="bbox 843 859 1613 972">
     <span class='ocr_line' id='line_1_1' title="bbox 843 859 1613 972; baseline -0.01 -28"><span class='ocrx_word' id='word_1_1' title='bbox 843 862 997 944; x_wconf 77' lang='lat' dir='ltr'><strong><em>Sancti</em></strong></span> <span class='ocrx_word' id='word_1_2' title='bbox 1030 859 1243 942; x_wconf 75' lang='lat' dir='ltr'>Habenti.</span> <span class='ocrx_word' id='word_1_3' title='bbox 1559 887 1613 972; x_wconf 85' lang='lat'>97</span> 
     </span>
    </p>
   </div>
   <div class='ocr_carea' id='block_1_2' title="bbox 475 1157 1740 1641">
    <p class='ocr_par' dir='ltr' id='par_1_2' title="bbox 475 1157 1740 1641">
     <span class='ocr_line' id='line_1_2' title="bbox 475 1157 1740 1240; baseline 0 -22"><span class='ocrx_word' id='word_1_4' title='bbox 475 1157 627 1236; x_wconf 87' lang='lat' dir='ltr'>priorem</span> <span class='ocrx_word' id='word_1_5' title='bbox 642 1176 714 1221; x_wconf 86' lang='lat' dir='ltr'>esse</span> <span class='ocrx_word' id='word_1_6' title='bbox 729 1159 908 1221; x_wconf 88' lang='lat' dir='ltr'>constituit</span> <span class='ocrx_word' id='word_1_7' title='bbox 919 1159 940 1222; x_wconf 89' lang='lat'>¹.</span> <span class='ocrx_word' id='word_1_8' title='bbox 959 1159 1184 1240; x_wconf 84' lang='lat' dir='ltr'>Berengerus.</span> <span class='ocrx_word' id='word_1_9' title='bbox 1197 1168 1236 1221; x_wconf 93' lang='lat' dir='ltr'>ut</span> <span class='ocrx_word' id='word_1_10' title='bbox 1251 1166 1324 1219; x_wconf 90' lang='lat' dir='ltr'>erat</span> <span class='ocrx_word' id='word_1_11' title='bbox 1340 1157 1392 1219; x_wconf 91' lang='lat' dir='ltr'>vir</span> <span class='ocrx_word' id='word_1_12' title='bbox 1405 1158 1572 1221; x_wconf 88' lang='lat' dir='ltr'>discretus</span> <span class='ocrx_word' id='word_1_13' title='bbox 1583 1167 1617 1221; x_wconf 92' lang='lat' dir='ltr'>et</span> <span class='ocrx_word' id='word_1_14' title='bbox 1667 1167 1740 1232; x_wconf 85' lang='lat'>1076.</span> 
     </span>
     <span class='ocr_line' id='line_1_3' title="bbox 476 1258 1618 1341; baseline 0.005 -23"><span class='ocrx_word' id='word_1_15' title='bbox 476 1258 639 1336; x_wconf 88' lang='lat' dir='ltr'>prudeus,</span> <span class='ocrx_word' id='word_1_16' title='bbox 653 1261 830 1341; x_wconf 85' lang='lat' dir='ltr'>satagebat</span> <span class='ocrx_word' id='word_1_17' title='bbox 843 1260 996 1321; x_wconf 86' lang='lat' dir='ltr'>consulte</span> <span class='ocrx_word' id='word_1_18' title='bbox 1007 1258 1124 1320; x_wconf 88' lang='lat' dir='ltr'>omnia</span> <span class='ocrx_word' id='word_1_19' title='bbox 1141 1276 1337 1338; x_wconf 86' lang='lat' dir='ltr'>procurare,</span> <span class='ocrx_word' id='word_1_20' title='bbox 1349 1259 1569 1341; x_wconf 87' lang='lat' dir='ltr'>singulorum</span> <span class='ocrx_word' id='word_1_21' title='bbox 1583 1279 1618 1324; x_wconf 88' lang='lat' dir='ltr'>se</span> 
     </span>
     <span class='ocr_line' id='line_1_4' title="bbox 476 1358 1619 1442; baseline 0.004 -23"><span class='ocrx_word' id='word_1_22' title='bbox 476 1358 633 1421; x_wconf 92' lang='lat' dir='ltr'>moribus</span> <span class='ocrx_word' id='word_1_23' title='bbox 660 1368 930 1440; x_wconf 83' lang='lat' dir='ltr'>contemperare,</span> <span class='ocrx_word' id='word_1_24' title='bbox 962 1360 1138 1422; x_wconf 91' lang='lat' dir='ltr'>neminem</span> <span class='ocrx_word' id='word_1_25' title='bbox 1165 1360 1265 1442; x_wconf 86' lang='lat' dir='ltr'><strong>quasi</strong></span> <span class='ocrx_word' id='word_1_26' title='bbox 1294 1359 1515 1440; x_wconf 91' lang='lat' dir='ltr'>importunus</span> <span class='ocrx_word' id='word_1_27' title='bbox 1542 1379 1619 1442; x_wconf 84' lang='lat' dir='ltr'>gra·</span> 
     </span>
     <span class='ocr_line' id='line_1_5' title="bbox 479 1457 1621 1543; baseline 0.004 -23"><span class='ocrx_word' id='word_1_28' title='bbox 479 1477 569 1534; x_wconf 86' lang='lat' dir='ltr'>vare,</span> <span class='ocrx_word' id='word_1_29' title='bbox 591 1460 744 1522; x_wconf 87' lang='lat' dir='ltr'>doctrina</span> <span class='ocrx_word' id='word_1_30' title='bbox 767 1470 801 1522; x_wconf 92' lang='lat' dir='ltr'>et</span> <span class='ocrx_word' id='word_1_31' title='bbox 822 1461 980 1540; x_wconf 83' lang='lat' dir='ltr'>exemplo</span> <span class='ocrx_word' id='word_1_32' title='bbox 1002 1460 1177 1543; x_wconf 83' lang='lat' dir='ltr'>graviores</span> <span class='ocrx_word' id='word_1_33' title='bbox 1198 1457 1396 1535; x_wconf 84' lang='lat' dir='ltr'>informare,</span> <span class='ocrx_word' id='word_1_34' title='bbox 1414 1460 1557 1524; x_wconf 87' lang='lat' dir='ltr'>leviores</span> <span class='ocrx_word' id='word_1_35' title='bbox 1579 1480 1621 1524; x_wconf 88' lang='lat' dir='ltr'>ne</span> 
     </span>
     <span class='ocr_line' id='line_1_6' title="bbox 479 1560 1620 1641; baseline 0.001 -18"><span class='ocrx_word' id='word_1_36' title='bbox 479 1560 787 1623; x_wconf 83' lang='lat' dir='ltr'>scandalizarentur</span> <span class='ocrx_word' id='word_1_37' title='bbox 797 1562 938 1624; x_wconf 82' lang='lat' dir='ltr'>interim</span> <span class='ocrx_word' id='word_1_38' title='bbox 952 1560 1199 1641; x_wconf 87' lang='lat' dir='ltr'>dispensatoria</span> <span class='ocrx_word' id='word_1_39' title='bbox 1213 1561 1379 1641; x_wconf 87' lang='lat' dir='ltr'>patientia</span> <span class='ocrx_word' id='word_1_40' title='bbox 1390 1560 1620 1624; x_wconf 87' lang='lat' dir='ltr'>dissimulare.</span> 
     </span>
    </p>
   </div>
   <div class='ocr_carea' id='block_1_3' title="bbox 431 1781 1629 3179">
    <p class='ocr_par' dir='ltr' id='par_1_3' title="bbox 470 1781 1625 2674">
     <span class='ocr_line' id='line_1_7' title="bbox 519 1781 1622 1864; baseline -0.003 -17"><span class='ocrx_word' id='word_1_41' title='bbox 519 1790 577 1847; x_wconf 84' lang='grc'>36.</span> <span class='ocrx_word' id='word_1_42' title='bbox 600 1782 681 1861; x_wconf 65' lang='grc'><strong>(48.)</strong></span> <span class='ocrx_word' id='word_1_43' title='bbox 703 1785 769 1845; x_wconf 90' lang='lat' dir='ltr'>Nec</span> <span class='ocrx_word' id='word_1_44' title='bbox 790 1784 901 1847; x_wconf 89' lang='lat' dir='ltr'>multo</span> <span class='ocrx_word' id='word_1_45' title='bbox 917 1794 1003 1864; x_wconf 90' lang='lat' dir='ltr'>post,</span> <span class='ocrx_word' id='word_1_46' title='bbox 1024 1783 1287 1864; x_wconf 88' lang='lat' dir='ltr'>superveniente</span> <span class='ocrx_word' id='word_1_47' title='bbox 1308 1781 1393 1846; x_wconf 85' lang='lat' dir='ltr'>festo</span> <span class='ocrx_word' id='word_1_48' title='bbox 1415 1784 1504 1846; x_wconf 89' lang='lat' dir='ltr'>beati</span> <span class='ocrx_word' id='word_1_49' title='bbox 1522 1781 1622 1845; x_wconf 87' lang='lat' dir='ltr'>Lam-</span> 
     </span>
     <span class='ocr_line' id='line_1_8' title="bbox 481 1883 1623 1965; baseline -0.001 -18"><span class='ocrx_word' id='word_1_50' title='bbox 481 1887 565 1947; x_wconf 89' lang='lat' dir='ltr'>berti</span> <span class='ocrx_word' id='word_1_51' title='bbox 598 1903 679 1947; x_wconf 91' lang='lat' dir='ltr'>cum</span> <span class='ocrx_word' id='word_1_52' title='bbox 710 1885 857 1946; x_wconf 85' lang='lat' dir='ltr'>ediceret</span> <span class='ocrx_word' id='word_1_53' title='bbox 888 1885 1068 1965; x_wconf 86' lang='lat' dir='ltr'>episcopus</span> <span class='ocrx_word' id='word_1_54' title='bbox 1098 1884 1281 1946; x_wconf 86' lang='lat' dir='ltr'>abbatibus</span> <span class='ocrx_word' id='word_1_55' title='bbox 1311 1895 1345 1946; x_wconf 91' lang='lat' dir='ltr'>et</span> <span class='ocrx_word' id='word_1_56' title='bbox 1377 1883 1623 1947; x_wconf 89' lang='lat' dir='ltr'>archidiaconis</span> 
     </span>
     <span class='ocr_line' id='line_1_9' title="bbox 481 1983 1622 2048; baseline 0.002 -4"><span class='ocrx_word' id='word_1_57' title='bbox 481 1984 697 2045; x_wconf 89' lang='lat' dir='ltr'>reddendum</span> <span class='ocrx_word' id='word_1_58' title='bbox 736 1983 800 2046; x_wconf 87' lang='lat' dir='ltr'>sibi</span> <span class='ocrx_word' id='word_1_59' title='bbox 836 1984 1018 2047; x_wconf 90' lang='lat' dir='ltr'>consilium</span> <span class='ocrx_word' id='word_1_60' title='bbox 1054 1986 1096 2047; x_wconf 91' lang='lat' dir='ltr'>de</span> <span class='ocrx_word' id='word_1_61' title='bbox 1132 1985 1322 2047; x_wconf 90' lang='lat' dir='ltr'>ordinanda</span> <span class='ocrx_word' id='word_1_62' title='bbox 1357 1984 1496 2048; x_wconf 90' lang='lat' dir='ltr'>ecclesia</span> <span class='ocrx_word' id='word_1_63' title='bbox 1532 1984 1622 2047; x_wconf 91' lang='lat' dir='ltr'>beati</span> 
     </span>
     <span class='ocr_line' id='line_1_10' title="bbox 483 2082 1624 2163; baseline 0.001 -19"><span class='ocrx_word' id='word_1_64' title='bbox 483 2084 669 2158; x_wconf 84' lang='lat' dir='ltr'>Laurentii,</span> <span class='ocrx_word' id='word_1_65' title='bbox 684 2085 934 2163; x_wconf 88' lang='lat' dir='ltr'>responderunt</span> <span class='ocrx_word' id='word_1_66' title='bbox 951 2085 997 2145; x_wconf 87' lang='lat' dir='ltr'>illi</span> <span class='ocrx_word' id='word_1_67' title='bbox 1012 2084 1047 2145; x_wconf 88' lang='lat' dir='ltr'>in</span> <span class='ocrx_word' id='word_1_68' title='bbox 1064 2102 1250 2146; x_wconf 91' lang='lat' dir='ltr'>commune</span> <span class='ocrx_word' id='word_1_69' title='bbox 1263 2085 1489 2148; x_wconf 90' lang='lat' dir='ltr'>consulendos</span> <span class='ocrx_word' id='word_1_70' title='bbox 1502 2082 1624 2147; x_wconf 83' lang='lat' dir='ltr'>fratres</span> 
     </span>
     <span class='ocr_line' id='line_1_11' title="bbox 475 2185 1625 2269; baseline 0.003 -23"><span class='ocrx_word' id='word_1_71' title='bbox 475 2186 588 2265; x_wconf 85' lang='lat' dir='ltr'>ipsius</span> <span class='ocrx_word' id='word_1_72' title='bbox 602 2185 888 2266; x_wconf 85' lang='lat' dir='ltr'>congregationis,</span> <span class='ocrx_word' id='word_1_73' title='bbox 902 2187 1018 2267; x_wconf 86' lang='lat' dir='ltr'>eisque</span> <span class='ocrx_word' id='word_1_74' title='bbox 1034 2185 1246 2249; x_wconf 87' lang='lat' dir='ltr'>offerendam</span> <span class='ocrx_word' id='word_1_75' title='bbox 1260 2186 1456 2269; x_wconf 82' lang='lat' dir='ltr'>regularem</span> <span class='ocrx_word' id='word_1_76' title='bbox 1469 2187 1480 2213; x_wconf 80' lang='lat'>²</span> <span class='ocrx_word' id='word_1_77' title='bbox 1494 2197 1528 2249; x_wconf 92' lang='lat' dir='ltr'>et</span> <span class='ocrx_word' id='word_1_78' title='bbox 1544 2187 1625 2268; x_wconf 83' lang='lat' dir='ltr'>legi·</span> 
     </span>
     <span class='ocr_line' id='line_1_12' title="bbox 476 2285 1623 2369; baseline 0.004 -22"><span class='ocrx_word' id='word_1_79' title='bbox 476 2285 603 2347; x_wconf 87' lang='lat' dir='ltr'>timam</span> <span class='ocrx_word' id='word_1_80' title='bbox 628 2287 829 2348; x_wconf 88' lang='lat' dir='ltr'>electionem</span> <span class='ocrx_word' id='word_1_81' title='bbox 854 2288 998 2349; x_wconf 87' lang='lat' dir='ltr'>abbatis.</span> <span class='ocrx_word' id='word_1_82' title='bbox 1028 2287 1216 2369; x_wconf 83' lang='lat' dir='ltr'>Episcopus</span> <span class='ocrx_word' id='word_1_83' title='bbox 1240 2288 1489 2351; x_wconf 88' lang='lat' dir='ltr'>incrastinum</span> <span class='ocrx_word' id='word_1_84' title='bbox 1514 2289 1623 2352; x_wconf 92' lang='lat' dir='ltr'>dedu-</span> 
     </span>
     <span class='ocr_line' id='line_1_13' title="bbox 470 2387 1622 2463; baseline 0.003 -17"><span class='ocrx_word' id='word_1_85' title='bbox 470 2403 558 2448; x_wconf 82' lang='lat' dir='ltr'>cens</span> <span class='ocrx_word' id='word_1_86' title='bbox 572 2403 640 2460; x_wconf 78' lang='lat' dir='ltr'>eoS,</span> <span class='ocrx_word' id='word_1_87' title='bbox 653 2404 772 2449; x_wconf 88' lang='lat' dir='ltr'>secum</span> <span class='ocrx_word' id='word_1_88' title='bbox 787 2387 828 2448; x_wconf 91' lang='lat' dir='ltr'>ad</span> <span class='ocrx_word' id='word_1_89' title='bbox 845 2388 958 2449; x_wconf 91' lang='lat' dir='ltr'>locum</span> <span class='ocrx_word' id='word_1_90' title='bbox 975 2388 1077 2463; x_wconf 89' lang='lat' dir='ltr'>venit,</span> <span class='ocrx_word' id='word_1_91' title='bbox 1092 2399 1126 2451; x_wconf 89' lang='lat' dir='ltr'>et</span> <span class='ocrx_word' id='word_1_92' title='bbox 1141 2387 1315 2459; x_wconf 86' lang='lat' dir='ltr'>fratribus,</span> <span class='ocrx_word' id='word_1_93' title='bbox 1330 2397 1369 2450; x_wconf 92' lang='lat' dir='ltr'>ut</span> <span class='ocrx_word' id='word_1_94' title='bbox 1383 2390 1543 2452; x_wconf 84' lang='lat' dir='ltr'>abbatem</span> <span class='ocrx_word' id='word_1_95' title='bbox 1558 2387 1622 2451; x_wconf 87' lang='lat' dir='ltr'>sibi</span> 
     </span>
     <span class='ocr_line' id='line_1_14' title="bbox 472 2486 1624 2567; baseline 0.004 -20"><span class='ocrx_word' id='word_1_96' title='bbox 472 2486 656 2567; x_wconf 81' lang='lat' dir='ltr'>eligerent,</span> <span class='ocrx_word' id='word_1_97' title='bbox 682 2489 869 2551; x_wconf 85' lang='lat' dir='ltr'>mandavit.</span> <span class='ocrx_word' id='word_1_98' title='bbox 895 2488 945 2549; x_wconf 92' lang='lat' dir='ltr'>llli</span> <span class='ocrx_word' id='word_1_99' title='bbox 968 2489 1071 2551; x_wconf 90' lang='lat' dir='ltr'>locuti</span> <span class='ocrx_word' id='word_1_100' title='bbox 1091 2507 1171 2551; x_wconf 90' lang='lat' dir='ltr'>cum</span> <span class='ocrx_word' id='word_1_101' title='bbox 1188 2488 1331 2552; x_wconf 89' lang='lat' dir='ltr'>consilio</span> <span class='ocrx_word' id='word_1_102' title='bbox 1346 2508 1427 2553; x_wconf 90' lang='lat' dir='ltr'>cum</span> <span class='ocrx_word' id='word_1_103' title='bbox 1442 2491 1624 2553; x_wconf 89' lang='lat' dir='ltr'>abbatibus</span> 
     </span>
     <span class='ocr_line' id='line_1_15' title="bbox 476 2588 1623 2674; baseline 0.004 -25"><span class='ocrx_word' id='word_1_104' title='bbox 476 2600 515 2649; x_wconf 89' lang='lat' dir='ltr'>et</span> <span class='ocrx_word' id='word_1_105' title='bbox 533 2588 796 2666; x_wconf 85' lang='lat' dir='ltr'>archidiaconis,</span> <span class='ocrx_word' id='word_1_106' title='bbox 813 2591 992 2671; x_wconf 83' lang='lat' dir='ltr'>elegerunt</span> <span class='ocrx_word' id='word_1_107' title='bbox 1013 2591 1246 2674; x_wconf 83' lang='lat' dir='ltr'>Berengerum</span> <span class='ocrx_word' id='word_1_108' title='bbox 1266 2610 1431 2655; x_wconf 89' lang='lat' dir='ltr'>consensu</span> <span class='ocrx_word' id='word_1_109' title='bbox 1453 2592 1623 2655; x_wconf 89' lang='lat' dir='ltr'>unanimi.</span> 
     </span>
    </p>

    <p class='ocr_par' dir='ltr' id='par_1_4' title="bbox 431 2690 1629 3179">
     <span class='ocr_line' id='line_1_16' title="bbox 431 2690 1627 2771; baseline 0.003 -20"><span class='ocrx_word' id='word_1_110' title='bbox 431 2732 433 2752; x_wconf 88' lang='lat'>.</span> <span class='ocrx_word' id='word_1_111' title='bbox 484 2690 625 2752; x_wconf 88' lang='lat' dir='ltr'>Letatus</span> <span class='ocrx_word' id='word_1_112' title='bbox 649 2691 828 2771; x_wconf 85' lang='lat' dir='ltr'>episcopus</span> <span class='ocrx_word' id='word_1_113' title='bbox 853 2709 974 2754; x_wconf 89' lang='lat' dir='ltr'>eorum</span> <span class='ocrx_word' id='word_1_114' title='bbox 999 2692 1200 2754; x_wconf 89' lang='lat' dir='ltr'>electionem</span> <span class='ocrx_word' id='word_1_115' title='bbox 1224 2693 1405 2755; x_wconf 80' lang='lat' dir='ltr'>convenire</span> <span class='ocrx_word' id='word_1_116' title='bbox 1428 2692 1597 2756; x_wconf 87' lang='lat' dir='ltr'>voluntati</span> <span class='ocrx_word' id='word_1_117' title='bbox 1612 2706 1627 2732; x_wconf 77' lang='lat'><em>⁰</em></span> 
     </span>
     <span class='ocr_line' id='line_1_17' title="bbox 480 2783 1629 2873; baseline 0.006 -21"><span class='ocrx_word' id='word_1_118' title='bbox 480 2808 552 2865; x_wconf 88' lang='lat' dir='ltr'>sue,</span> <span class='ocrx_word' id='word_1_119' title='bbox 589 2792 703 2852; x_wconf 91' lang='lat' dir='ltr'>abbati</span> <span class='ocrx_word' id='word_1_120' title='bbox 740 2783 986 2855; x_wconf 85' lang='lat' dir='ltr'>Theoderico³</span> <span class='ocrx_word' id='word_1_121' title='bbox 1020 2793 1110 2873; x_wconf 88' lang='lat' dir='ltr'>cepit</span> <span class='ocrx_word' id='word_1_122' title='bbox 1145 2795 1367 2857; x_wconf 85' lang='lat' dir='ltr'>vehementer</span> <span class='ocrx_word' id='word_1_123' title='bbox 1398 2795 1553 2871; x_wconf 89' lang='lat' dir='ltr'>innuere,</span> <span class='ocrx_word' id='word_1_124' title='bbox 1589 2807 1629 2859; x_wconf 93' lang='lat' dir='ltr'>ut</span> 
     </span>
     <span class='ocr_line' id='line_1_18' title="bbox 483 2892 1627 2975; baseline 0.005 -22"><span class='ocrx_word' id='word_1_125' title='bbox 483 2892 714 2975; x_wconf 81' lang='lat' dir='ltr'>Berengerum</span> <span class='ocrx_word' id='word_1_126' title='bbox 737 2892 800 2954; x_wconf 89' lang='lat' dir='ltr'>sibi</span> <span class='ocrx_word' id='word_1_127' title='bbox 823 2894 1050 2956; x_wconf 88' lang='lat' dir='ltr'>absolutum⁴</span> <span class='ocrx_word' id='word_1_128' title='bbox 1070 2895 1239 2958; x_wconf 90' lang='lat' dir='ltr'>redderet.</span> <span class='ocrx_word' id='word_1_129' title='bbox 1263 2895 1410 2958; x_wconf 83' lang='lat' dir='ltr'>Econtra</span> <span class='ocrx_word' id='word_1_130' title='bbox 1425 2914 1506 2959; x_wconf 93' lang='lat' dir='ltr'>cum</span> <span class='ocrx_word' id='word_1_131' title='bbox 1521 2898 1627 2959; x_wconf 88' lang='lat' dir='ltr'>abbas</span> 
     </span>
     <span class='ocr_line' id='line_1_19' title="bbox 484 2994 1627 3079; baseline 0.005 -27"><span class='ocrx_word' id='word_1_132' title='bbox 484 2994 694 3068; x_wconf 88' lang='lat' dir='ltr'>reclamaret,</span> <span class='ocrx_word' id='word_1_133' title='bbox 707 3012 742 3055; x_wconf 93' lang='lat' dir='ltr'>se</span> <span class='ocrx_word' id='word_1_134' title='bbox 758 3012 818 3056; x_wconf 87' lang='lat' dir='ltr'>nec</span> <span class='ocrx_word' id='word_1_135' title='bbox 835 2995 932 3069; x_wconf 91' lang='lat' dir='ltr'>velle,</span> <span class='ocrx_word' id='word_1_136' title='bbox 947 3013 1007 3057; x_wconf 86' lang='lat' dir='ltr'>uec</span> <span class='ocrx_word' id='word_1_137' title='bbox 1024 3013 1122 3076; x_wconf 90' lang='lat' dir='ltr'>posse</span> <span class='ocrx_word' id='word_1_138' title='bbox 1136 2995 1196 3057; x_wconf 90' lang='lat' dir='ltr'>tali</span> <span class='ocrx_word' id='word_1_139' title='bbox 1212 2996 1287 3057; x_wconf 86' lang='lat' dir='ltr'>viro</span> <span class='ocrx_word' id='word_1_140' title='bbox 1302 3013 1428 3071; x_wconf 85' lang='lat' dir='ltr'>carere,</span> <span class='ocrx_word' id='word_1_141' title='bbox 1440 3015 1500 3059; x_wconf 91' lang='lat' dir='ltr'>sue</span> <span class='ocrx_word' id='word_1_142' title='bbox 1517 2995 1627 3079; x_wconf 83' lang='lat' dir='ltr'>magis</span> 
     </span>
     <span class='ocr_line' id='line_1_20' title="bbox 486 3095 1625 3179; baseline 0.005 -24"><span class='ocrx_word' id='word_1_143' title='bbox 486 3095 618 3157; x_wconf 89' lang='lat' dir='ltr'>ecclesie</span> <span class='ocrx_word' id='word_1_144' title='bbox 639 3114 720 3158; x_wconf 90' lang='lat' dir='ltr'>eum</span> <span class='ocrx_word' id='word_1_145' title='bbox 742 3097 925 3158; x_wconf 89' lang='lat' dir='ltr'>convenire</span> <span class='ocrx_word' id='word_1_146' title='bbox 947 3116 1053 3178; x_wconf 90' lang='lat' dir='ltr'>quam</span> <span class='ocrx_word' id='word_1_147' title='bbox 1069 3096 1190 3173; x_wconf 85' lang='lat' dir='ltr'>aliene,</span> <span class='ocrx_word' id='word_1_148' title='bbox 1207 3098 1264 3160; x_wconf 86' lang='lat' dir='ltr'>vix</span> <span class='ocrx_word' id='word_1_149' title='bbox 1280 3099 1431 3179; x_wconf 91' lang='lat' dir='ltr'>optinuit</span> <span class='ocrx_word' id='word_1_150' title='bbox 1446 3098 1625 3178; x_wconf 88' lang='lat' dir='ltr'>episcopus</span> 
     </span>
    </p>
   </div>
   <div class='ocr_carea' id='block_1_4' title="bbox 431 3315 751 3369">
    <p class='ocr_par' dir='ltr' id='par_1_5' title="bbox 431 3315 751 3369">
     <span class='ocr_line' id='line_1_21' title="bbox 431 3315 751 3369; baseline -0.006 0"><span class='ocrx_word' id='word_1_151' title='bbox 431 3331 465 3369; x_wconf 86' lang='lat'>20</span> <span class='ocrx_word' id='word_1_152' title='bbox 517 3333 541 3367; x_wconf 85' lang='lat' dir='ltr'>a.</span> <span class='ocrx_word' id='word_1_153' title='bbox 561 3315 701 3367; x_wconf 83' lang='lat' dir='ltr'>volontati</span> <span class='ocrx_word' id='word_1_154' title='bbox 714 3316 751 3367; x_wconf 79' lang='lat' dir='ltr'>A.</span> 
     </span>
    </p>
   </div>
   <div class='ocr_carea' id='block_1_5' title="bbox 431 3679 1631 4788">
    <p class='ocr_par' dir='ltr' id='par_1_6' title="bbox 482 3679 1630 4009">
     <span class='ocr_line' id='line_1_22' title="bbox 518 3679 1626 3745; baseline 0.002 -14"><span class='ocrx_word' id='word_1_155' title='bbox 518 3688 525 3714; x_wconf 91' lang='lat'>¹</span> <span class='ocrx_word' id='word_1_156' title='bbox 543 3680 601 3732; x_wconf 82' lang='lat' dir='ltr'>Csr.</span> <span class='ocrx_word' id='word_1_157' title='bbox 616 3679 750 3743; x_wconf 78' lang='lat' dir='ltr'>RUPERT,</span> <span class='ocrx_word' id='word_1_158' title='bbox 767 3680 917 3731; x_wconf 83' lang='lat' dir='ltr'>Chronicon</span> <span class='ocrx_word' id='word_1_159' title='bbox 927 3680 954 3730; x_wconf 79' lang='lat' dir='ltr'>S.</span> <span class='ocrx_word' id='word_1_160' title='bbox 966 3680 1112 3731; x_wconf 82' lang='lat' dir='ltr'>Laurentii</span> <span class='ocrx_word' id='word_1_161' title='bbox 1120 3681 1242 3743; x_wconf 85' lang='lat' dir='ltr'>Leod.,c.</span> <span class='ocrx_word' id='word_1_162' title='bbox 1256 3697 1298 3744; x_wconf 72' lang='lat'>44,</span> <span class='ocrx_word' id='word_1_163' title='bbox 1312 3681 1428 3744; x_wconf 89' lang='lat' dir='ltr'><em>MGH.‚</em></span> <span class='ocrx_word' id='word_1_164' title='bbox 1439 3681 1502 3744; x_wconf 73' lang='lat' dir='ltr'>SS,</span> <span class='ocrx_word' id='word_1_165' title='bbox 1516 3689 1536 3734; x_wconf 86' lang='lat' dir='ltr'>t.</span> <span class='ocrx_word' id='word_1_166' title='bbox 1547 3682 1626 3745; x_wconf 91' lang='lat' dir='ltr'>VIll,</span> 
     </span>
     <span class='ocr_line' id='line_1_23' title="bbox 482 3766 1627 3837; baseline 0.003 -20"><span class='ocrx_word' id='word_1_167' title='bbox 482 3783 528 3834; x_wconf 91' lang='lat' dir='ltr'>pp.</span> <span class='ocrx_word' id='word_1_168' title='bbox 549 3768 668 3832; x_wconf 85' lang='lat'>276-277.</span> <span class='ocrx_word' id='word_1_169' title='bbox 691 3766 737 3817; x_wconf 90' lang='lat' dir='ltr'>On</span> <span class='ocrx_word' id='word_1_170' title='bbox 759 3782 937 3833; x_wconf 87' lang='lat' dir='ltr'>remarquera</span> <span class='ocrx_word' id='word_1_171' title='bbox 958 3783 1013 3833; x_wconf 91' lang='lat' dir='ltr'>que</span> <span class='ocrx_word' id='word_1_172' title='bbox 1034 3766 1060 3817; x_wconf 93' lang='lat' dir='ltr'>le</span> <span class='ocrx_word' id='word_1_173' title='bbox 1084 3767 1273 3818; x_wconf 76' lang='lat' dir='ltr'>Cantarmum</span> <span class='ocrx_word' id='word_1_174' title='bbox 1294 3778 1337 3818; x_wconf 89' lang='lat' dir='ltr'>est</span> <span class='ocrx_word' id='word_1_175' title='bbox 1358 3768 1421 3835; x_wconf 88' lang='lat' dir='ltr'>plus</span> <span class='ocrx_word' id='word_1_176' title='bbox 1440 3768 1554 3821; x_wconf 83' lang='lat' dir='ltr'>detaille</span> <span class='ocrx_word' id='word_1_177' title='bbox 1572 3785 1627 3837; x_wconf 91' lang='lat' dir='ltr'>que</span> 
     </span>
     <span class='ocr_line' id='line_1_24' title="bbox 482 3852 1629 3920; baseline 0.003 -17"><span class='ocrx_word' id='word_1_178' title='bbox 482 3852 606 3919; x_wconf 85' lang='lat' dir='ltr'>Rupert;</span> <span class='ocrx_word' id='word_1_179' title='bbox 630 3868 735 3918; x_wconf 88' lang='lat' dir='ltr'>preuve</span> <span class='ocrx_word' id='word_1_180' title='bbox 756 3854 879 3903; x_wconf 86' lang='lat' dir='ltr'>certaine</span> <span class='ocrx_word' id='word_1_181' title='bbox 899 3869 954 3920; x_wconf 87' lang='lat' dir='ltr'>que</span> <span class='ocrx_word' id='word_1_182' title='bbox 974 3853 1085 3904; x_wconf 88' lang='lat' dir='ltr'>celui-ci</span> <span class='ocrx_word' id='word_1_183' title='bbox 1103 3853 1147 3905; x_wconf 85' lang='lat' dir='ltr'>n&#39;a</span> <span class='ocrx_word' id='word_1_184' title='bbox 1165 3870 1213 3920; x_wconf 90' lang='lat' dir='ltr'>pas</span> <span class='ocrx_word' id='word_1_185' title='bbox 1231 3855 1302 3906; x_wconf 87' lang='lat' dir='ltr'>ecrit</span> <span class='ocrx_word' id='word_1_186' title='bbox 1319 3857 1400 3920; x_wconf 85' lang='lat' dir='ltr'>apres</span> <span class='ocrx_word' id='word_1_187' title='bbox 1418 3864 1501 3907; x_wconf 88' lang='lat' dir='ltr'>notre</span> <span class='ocrx_word' id='word_1_188' title='bbox 1518 3856 1629 3907; x_wconf 86' lang='lat' dir='ltr'>chroni-</span> 
     </span>
     <span class='ocr_line' id='line_1_25' title="bbox 482 3939 1630 4009; baseline 0.003 -20"><span class='ocrx_word' id='word_1_189' title='bbox 482 3955 573 4003; x_wconf 85' lang='lat' dir='ltr'>queur</span> <span class='ocrx_word' id='word_1_190' title='bbox 584 3955 590 3990; x_wconf 93' lang='lat'>:</span> <span class='ocrx_word' id='word_1_191' title='bbox 602 3954 649 3990; x_wconf 82' lang='lat' dir='ltr'>car</span> <span class='ocrx_word' id='word_1_192' title='bbox 663 3939 681 3988; x_wconf 93' lang='lat' dir='ltr'>il</span> <span class='ocrx_word' id='word_1_193' title='bbox 695 3939 734 3989; x_wconf 93' lang='lat' dir='ltr'>lui</span> <span class='ocrx_word' id='word_1_194' title='bbox 747 3940 838 3990; x_wconf 89' lang='lat' dir='ltr'>aurait</span> <span class='ocrx_word' id='word_1_195' title='bbox 849 3940 1000 4005; x_wconf 88' lang='lat' dir='ltr'>emprunte</span> <span class='ocrx_word' id='word_1_196' title='bbox 1013 3955 1058 3991; x_wconf 88' lang='lat' dir='ltr'>ces</span> <span class='ocrx_word' id='word_1_197' title='bbox 1067 3940 1169 3991; x_wconf 88' lang='lat' dir='ltr'>details</span> <span class='ocrx_word' id='word_1_198' title='bbox 1181 3942 1203 3991; x_wconf 86' lang='lat' dir='ltr'>si</span> <span class='ocrx_word' id='word_1_199' title='bbox 1217 3941 1400 3992; x_wconf 78' lang='lat' dir='ltr'>interessents</span> <span class='ocrx_word' id='word_1_200' title='bbox 1409 3958 1483 4009; x_wconf 92' lang='lat' dir='ltr'>pour</span> <span class='ocrx_word' id='word_1_201' title='bbox 1491 3942 1630 3994; x_wconf 86' lang='lat' dir='ltr'>l&#39;histoire</span> 
     </span>
    </p>

    <p class='ocr_par' dir='ltr' id='par_1_7' title="bbox 436 4010 1274 4096">
     <span class='ocr_line' id='line_1_26' title="bbox 436 4010 1274 4096; baseline 0.005 -21"><span class='ocrx_word' id='word_1_202' title='bbox 436 4046 452 4096; x_wconf 84' lang='lat'><strong>5</strong></span> <span class='ocrx_word' id='word_1_203' title='bbox 482 4026 520 4076; x_wconf 89' lang='lat' dir='ltr'>de</span> <span class='ocrx_word' id='word_1_204' title='bbox 532 4025 843 4092; x_wconf 83' lang='lat' dir='ltr'>Saint-Laurent.V0y.</span> <span class='ocrx_word' id='word_1_205' title='bbox 859 4040 925 4076; x_wconf 90' lang='lat' dir='ltr'>mon</span> <span class='ocrx_word' id='word_1_206' title='bbox 938 4010 1026 4075; x_wconf 61' lang='lat' dir='ltr'>E&#39;tude</span> <span class='ocrx_word' id='word_1_207' title='bbox 1037 4028 1191 4094; x_wconf 83' lang='lat' dir='ltr'>critique,p</span> <span class='ocrx_word' id='word_1_208' title='bbox 1217 4042 1274 4091; x_wconf 87' lang='lat'>130.</span> 
     </span>
    </p>

    <p class='ocr_par' dir='ltr' id='par_1_8' title="bbox 483 4111 1629 4434">
     <span class='ocr_line' id='line_1_27' title="bbox 519 4111 1629 4181; baseline 0.002 -18"><span class='ocrx_word' id='word_1_209' title='bbox 519 4120 528 4146; x_wconf 87' lang='lat'>²</span> <span class='ocrx_word' id='word_1_210' title='bbox 546 4112 631 4164; x_wconf 90' lang='lat' dir='ltr'>Selon</span> <span class='ocrx_word' id='word_1_211' title='bbox 648 4112 674 4163; x_wconf 87' lang='lat' dir='ltr'>la</span> <span class='ocrx_word' id='word_1_212' title='bbox 691 4112 781 4179; x_wconf 80' lang='lat' dir='ltr'>Regle</span> <span class='ocrx_word' id='word_1_213' title='bbox 795 4113 831 4163; x_wconf 91' lang='lat' dir='ltr'>de</span> <span class='ocrx_word' id='word_1_214' title='bbox 847 4111 1050 4175; x_wconf 74' lang='lat' dir='ltr'>saint-Benoit,</span> <span class='ocrx_word' id='word_1_215' title='bbox 1068 4129 1091 4165; x_wconf 92' lang='lat' dir='ltr'>c.</span> <span class='ocrx_word' id='word_1_216' title='bbox 1106 4114 1453 4175; x_wconf 73' lang='lat' dir='ltr'>64,1’e&#39;1ect10nde1’abbe</span> <span class='ocrx_word' id='word_1_217' title='bbox 1469 4115 1629 4181; x_wconf 85' lang='lat' dir='ltr'>appartient</span> 
     </span>
     <span class='ocr_line' id='line_1_28' title="bbox 483 4198 1628 4266; baseline 0.001 -17"><span class='ocrx_word' id='word_1_218' title='bbox 483 4214 539 4249; x_wconf 82' lang='lat' dir='ltr'>aux</span> <span class='ocrx_word' id='word_1_219' title='bbox 554 4200 676 4258; x_wconf 86' lang='lat' dir='ltr'>moines;</span> <span class='ocrx_word' id='word_1_220' title='bbox 694 4198 761 4249; x_wconf 84' lang='lat' dir='ltr'>c&#39;est</span> <span class='ocrx_word' id='word_1_221' title='bbox 776 4199 935 4249; x_wconf 86' lang='lat' dir='ltr'>seulement</span> <span class='ocrx_word' id='word_1_222' title='bbox 950 4202 965 4248; x_wconf 78' lang='lat' dir='ltr'>a</span> <span class='ocrx_word' id='word_1_223' title='bbox 983 4199 1075 4249; x_wconf 89' lang='lat' dir='ltr'>raison</span> <span class='ocrx_word' id='word_1_224' title='bbox 1091 4199 1129 4250; x_wconf 95' lang='lat' dir='ltr'>du</span> <span class='ocrx_word' id='word_1_225' title='bbox 1144 4199 1279 4250; x_wconf 86' lang='lat' dir='ltr'>desordre</span> <span class='ocrx_word' id='word_1_226' title='bbox 1294 4200 1329 4251; x_wconf 91' lang='lat' dir='ltr'>de</span> <span class='ocrx_word' id='word_1_227' title='bbox 1345 4199 1471 4266; x_wconf 86' lang='lat' dir='ltr'>l&#39;abbaye</span> <span class='ocrx_word' id='word_1_228' title='bbox 1485 4200 1520 4251; x_wconf 91' lang='lat' dir='ltr'>de</span> <span class='ocrx_word' id='word_1_229' title='bbox 1539 4198 1628 4251; x_wconf 89' lang='lat' dir='ltr'>Saint-</span> 
     </span>
     <span class='ocr_line' id='line_1_29' title="bbox 484 4284 1627 4355; baseline 0.001 -19"><span class='ocrx_word' id='word_1_230' title='bbox 484 4284 609 4336; x_wconf 89' lang='lat' dir='ltr'>Laurent</span> <span class='ocrx_word' id='word_1_231' title='bbox 625 4295 654 4336; x_wconf 91' lang='lat' dir='ltr'>et</span> <span class='ocrx_word' id='word_1_232' title='bbox 669 4301 704 4335; x_wconf 92' lang='lat' dir='ltr'>en</span> <span class='ocrx_word' id='word_1_233' title='bbox 720 4293 802 4335; x_wconf 90' lang='lat' dir='ltr'>vertu</span> <span class='ocrx_word' id='word_1_234' title='bbox 819 4285 902 4336; x_wconf 90' lang='lat' dir='ltr'>d&#39;une</span> <span class='ocrx_word' id='word_1_235' title='bbox 917 4286 1074 4352; x_wconf 81' lang='lat' dir='ltr'>procedure</span> <span class='ocrx_word' id='word_1_236' title='bbox 1088 4286 1245 4352; x_wconf 86' lang='lat' dir='ltr'>judiciaire,</span> <span class='ocrx_word' id='word_1_237' title='bbox 1263 4302 1318 4349; x_wconf 85' lang='lat' dir='ltr'>que</span> <span class='ocrx_word' id='word_1_238' title='bbox 1333 4285 1461 4353; x_wconf 77' lang='lat' dir='ltr'>leveque</span> <span class='ocrx_word' id='word_1_239' title='bbox 1478 4287 1513 4338; x_wconf 93' lang='lat' dir='ltr'>de</span> <span class='ocrx_word' id='word_1_240' title='bbox 1531 4286 1627 4355; x_wconf 85' lang='lat' dir='ltr'>Liege‚</span> 
     </span>
     <span class='ocr_line' id='line_1_30' title="bbox 486 4369 1628 4434; baseline 0.002 -13"><span class='ocrx_word' id='word_1_241' title='bbox 486 4369 576 4421; x_wconf 85' lang='lat' dir='ltr'>Henri</span> <span class='ocrx_word' id='word_1_242' title='bbox 595 4372 630 4423; x_wconf 93' lang='lat' dir='ltr'>de</span> <span class='ocrx_word' id='word_1_243' title='bbox 643 4371 768 4432; x_wconf 91' lang='lat' dir='ltr'>Verdun,</span> <span class='ocrx_word' id='word_1_244' title='bbox 787 4372 861 4422; x_wconf 79' lang='lat' dir='ltr'>avait</span> <span class='ocrx_word' id='word_1_245' title='bbox 879 4371 924 4423; x_wconf 86' lang='lat' dir='ltr'>ete</span> <span class='ocrx_word' id='word_1_246' title='bbox 941 4373 1044 4422; x_wconf 87' lang='lat' dir='ltr'>investi</span> <span class='ocrx_word' id='word_1_247' title='bbox 1062 4372 1097 4422; x_wconf 90' lang='lat' dir='ltr'>de</span> <span class='ocrx_word' id='word_1_248' title='bbox 1115 4370 1142 4422; x_wconf 85' lang='lat' dir='ltr'>la</span> <span class='ocrx_word' id='word_1_249' title='bbox 1160 4372 1296 4423; x_wconf 86' lang='lat' dir='ltr'>direction</span> <span class='ocrx_word' id='word_1_250' title='bbox 1314 4372 1351 4423; x_wconf 95' lang='lat' dir='ltr'>du</span> <span class='ocrx_word' id='word_1_251' title='bbox 1371 4375 1539 4434; x_wconf 77' lang='lat' dir='ltr'>monestere,</span> <span class='ocrx_word' id='word_1_252' title='bbox 1557 4373 1628 4423; x_wconf 87' lang='lat' dir='ltr'>ainsi</span> 
     </span>
    </p>

    <p class='ocr_par' dir='ltr' id='par_1_9' title="bbox 431 4457 1629 4612">
     <span class='ocr_line' id='line_1_31' title="bbox 431 4457 1629 4526; baseline 0.005 -20"><span class='ocrx_word' id='word_1_253' title='bbox 431 4480 457 4513; x_wconf 57' lang='lat'>,0</span> <span class='ocrx_word' id='word_1_254' title='bbox 485 4472 542 4523; x_wconf 90' lang='lat' dir='ltr'>que</span> <span class='ocrx_word' id='word_1_255' title='bbox 553 4473 625 4509; x_wconf 91' lang='lat' dir='ltr'>nous</span> <span class='ocrx_word' id='word_1_256' title='bbox 637 4457 744 4508; x_wconf 85' lang='lat' dir='ltr'>l&#39;avnns</span> <span class='ocrx_word' id='word_1_257' title='bbox 756 4474 792 4507; x_wconf 87' lang='lat' dir='ltr'>vu</span> <span class='ocrx_word' id='word_1_258' title='bbox 806 4458 949 4519; x_wconf 86' lang='lat' dir='ltr'>ci-dessus,</span> <span class='ocrx_word' id='word_1_259' title='bbox 963 4474 1010 4524; x_wconf 91' lang='lat' dir='ltr'>pp.</span> <span class='ocrx_word' id='word_1_260' title='bbox 1025 4460 1057 4509; x_wconf 85' lang='lat'>88</span> <span class='ocrx_word' id='word_1_261' title='bbox 1069 4468 1097 4509; x_wconf 88' lang='lat' dir='ltr'>et</span> <span class='ocrx_word' id='word_1_262' title='bbox 1109 4460 1181 4509; x_wconf 89' lang='lat' dir='ltr'>suiv.</span> <span class='ocrx_word' id='word_1_263' title='bbox 1196 4458 1337 4526; x_wconf 85' lang='lat' dir='ltr'>L&#39;abbaye</span> <span class='ocrx_word' id='word_1_264' title='bbox 1348 4458 1425 4509; x_wconf 84' lang='lat' dir='ltr'>etant</span> <span class='ocrx_word' id='word_1_265' title='bbox 1438 4459 1550 4511; x_wconf 86' lang='lat' dir='ltr'>rentree</span> <span class='ocrx_word' id='word_1_266' title='bbox 1560 4460 1629 4512; x_wconf 81' lang='lat' dir='ltr'>dans</span> 
     </span>
     <span class='ocr_line' id='line_1_32' title="bbox 487 4542 1360 4612; baseline 0.005 -20"><span class='ocrx_word' id='word_1_267' title='bbox 487 4542 515 4593; x_wconf 92' lang='lat' dir='ltr'>le</span> <span class='ocrx_word' id='word_1_268' title='bbox 526 4543 624 4606; x_wconf 85' lang='lat' dir='ltr'>calme,</span> <span class='ocrx_word' id='word_1_269' title='bbox 636 4543 765 4611; x_wconf 83' lang='lat' dir='ltr'>l&#39;eveque</span> <span class='ocrx_word' id='word_1_270' title='bbox 777 4544 837 4595; x_wconf 82' lang='lat' dir='ltr'>doit</span> <span class='ocrx_word' id='word_1_271' title='bbox 848 4545 969 4611; x_wconf 87' lang='lat' dir='ltr'>deposer</span> <span class='ocrx_word' id='word_1_272' title='bbox 981 4560 1032 4596; x_wconf 91' lang='lat' dir='ltr'>son</span> <span class='ocrx_word' id='word_1_273' title='bbox 1044 4544 1167 4596; x_wconf 88' lang='lat' dir='ltr'>autorite</span> <span class='ocrx_word' id='word_1_274' title='bbox 1180 4546 1360 4612; x_wconf 87' lang='lat' dir='ltr'>temporaire.</span> 
     </span>
    </p>

    <p class='ocr_par' dir='ltr' id='par_1_10' title="bbox 522 4631 1266 4698">
     <span class='ocr_line' id='line_1_33' title="bbox 522 4631 1266 4698; baseline 0.003 -16"><span class='ocrx_word' id='word_1_275' title='bbox 522 4637 531 4674; x_wconf 83' lang='lat'>³</span> <span class='ocrx_word' id='word_1_276' title='bbox 548 4631 669 4698; x_wconf 85' lang='lat' dir='ltr'>Thierry</span> <span class='ocrx_word' id='word_1_277' title='bbox 683 4631 719 4682; x_wconf 75' lang='lat'>1⁰¹</span> <span class='ocrx_word' id='word_1_278' title='bbox 729 4633 797 4683; x_wconf 82' lang='lat' dir='ltr'>erait</span> <span class='ocrx_word' id='word_1_279' title='bbox 809 4633 882 4684; x_wconf 91' lang='lat' dir='ltr'>donc</span> <span class='ocrx_word' id='word_1_280' title='bbox 894 4632 1007 4698; x_wconf 81' lang='lat' dir='ltr'>present</span> <span class='ocrx_word' id='word_1_281' title='bbox 1020 4636 1035 4683; x_wconf 76' lang='lat' dir='ltr'>a</span> <span class='ocrx_word' id='word_1_282' title='bbox 1047 4642 1122 4684; x_wconf 84' lang='lat' dir='ltr'>cette</span> <span class='ocrx_word' id='word_1_283' title='bbox 1134 4632 1266 4684; x_wconf 89' lang='lat' dir='ltr'>election.</span> 
     </span>
    </p>

    <p class='ocr_par' dir='ltr' id='par_1_11' title="bbox 521 4717 1631 4788">
     <span class='ocr_line' id='line_1_34' title="bbox 521 4717 1631 4788; baseline 0.002 -20"><span class='ocrx_word' id='word_1_284' title='bbox 521 4726 533 4759; x_wconf 73' lang='lat'>⁴</span> <span class='ocrx_word' id='word_1_285' title='bbox 549 4717 716 4773; x_wconf 82' lang='lat' dir='ltr'>Absolutum,</span> <span class='ocrx_word' id='word_1_286' title='bbox 735 4718 809 4770; x_wconf 88' lang='lat' dir='ltr'>delie</span> <span class='ocrx_word' id='word_1_287' title='bbox 824 4720 859 4770; x_wconf 94' lang='lat' dir='ltr'>de</span> <span class='ocrx_word' id='word_1_288' title='bbox 875 4736 918 4770; x_wconf 88' lang='lat' dir='ltr'>ses</span> <span class='ocrx_word' id='word_1_289' title='bbox 933 4729 1133 4788; x_wconf 84' lang='lat' dir='ltr'>engagements</span> <span class='ocrx_word' id='word_1_290' title='bbox 1147 4723 1163 4770; x_wconf 79' lang='lat' dir='ltr'>&#39;a</span> <span class='ocrx_word' id='word_1_291' title='bbox 1179 4718 1283 4787; x_wconf 85' lang='lat' dir='ltr'>l&#39;egard</span> <span class='ocrx_word' id='word_1_292' title='bbox 1299 4720 1334 4770; x_wconf 92' lang='lat' dir='ltr'>de</span> <span class='ocrx_word' id='word_1_293' title='bbox 1351 4719 1478 4787; x_wconf 85' lang='lat' dir='ltr'>l&#39;abbaye</span> <span class='ocrx_word' id='word_1_294' title='bbox 1493 4719 1528 4771; x_wconf 90' lang='lat' dir='ltr'>de</span> <span class='ocrx_word' id='word_1_295' title='bbox 1541 4719 1631 4771; x_wconf 89' lang='lat' dir='ltr'>Saint-</span> 
     </span>
    </p>
   </div>
   <div class='ocr_carea' id='block_1_6' title="bbox 431 4802 1630 4957">
    <p class='ocr_par' dir='ltr' id='par_1_12' title="bbox 431 4802 1630 4957">
     <span class='ocr_line' id='line_1_35' title="bbox 489 4802 1630 4875; baseline 0.004 -21"><span class='ocrx_word' id='word_1_296' title='bbox 489 4802 611 4866; x_wconf 84' lang='lat' dir='ltr'>Hubert,</span> <span class='ocrx_word' id='word_1_297' title='bbox 628 4806 677 4872; x_wconf 92' lang='lat' dir='ltr'>qui</span> <span class='ocrx_word' id='word_1_298' title='bbox 692 4807 767 4856; x_wconf 87' lang='lat' dir='ltr'>avait</span> <span class='ocrx_word' id='word_1_299' title='bbox 784 4822 848 4870; x_wconf 73' lang='lat' dir='ltr'>recu</span> <span class='ocrx_word' id='word_1_300' title='bbox 867 4822 895 4857; x_wconf 88' lang='lat' dir='ltr'>sa</span> <span class='ocrx_word' id='word_1_301' title='bbox 914 4806 1071 4873; x_wconf 79' lang='lat' dir='ltr'>profession</span> <span class='ocrx_word' id='word_1_302' title='bbox 1089 4807 1239 4875; x_wconf 85' lang='lat' dir='ltr'>religieuse</span> <span class='ocrx_word' id='word_1_303' title='bbox 1256 4815 1284 4858; x_wconf 91' lang='lat' dir='ltr'>et</span> <span class='ocrx_word' id='word_1_304' title='bbox 1302 4807 1562 4873; x_wconf 85' lang='lat' dir='ltr'>particulierement</span> <span class='ocrx_word' id='word_1_305' title='bbox 1578 4823 1630 4858; x_wconf 92' lang='lat' dir='ltr'>son</span> 
     </span>
     <span class='ocr_line' id='line_1_36' title="bbox 431 4891 767 4957; baseline 0.012 -18"><span class='ocrx_word' id='word_1_306' title='bbox 431 4907 455 4957; x_wconf 78' lang='lat'>;5</span> <span class='ocrx_word' id='word_1_307' title='bbox 489 4905 555 4940; x_wconf 89' lang='lat' dir='ltr'>voeu</span> <span class='ocrx_word' id='word_1_308' title='bbox 567 4891 603 4942; x_wconf 94' lang='lat' dir='ltr'>de</span> <span class='ocrx_word' id='word_1_309' title='bbox 616 4891 767 4943; x_wconf 75' lang='lat' dir='ltr'>residente.</span> 
     </span>
    </p>
   </div>
   <div class='ocr_carea' id='block_1_7' title="bbox 1486 4986 1509 5041">
    <p class='ocr_par' dir='ltr' id='par_1_13' title="bbox 1486 4986 1509 5041">
     <span class='ocr_line' id='line_1_37' title="bbox 1486 4986 1509 5041; baseline 0 0"><span class='ocrx_word' id='word_1_310' title='bbox 1486 4986 1509 5041; x_wconf 79' lang='lat'>7</span> 
     </span>
    </p>
   </div>
   <div class='ocr_carea' id='block_1_8' title="bbox 0 0 2248 6116">
    <p class='ocr_par' dir='ltr' id='par_1_14' title="bbox 0 0 2248 6116">
     <span class='ocr_line' id='line_1_38' title="bbox 0 0 2248 6116; baseline 0 0"><span class='ocrx_word' id='word_1_311' title='bbox 0 0 2248 6116; x_wconf 95' lang='lat' dir='ltr'> </span> 
     </span>
    </p>
   </div>
  </div>
 </body>
</html>
