4450 6125
854 873 1009 954 Sancti
1039 873 1249 955 Huberti.
1490 971 1494 976 ¹
1581 874 1634 984 59

492 1167 712 1248 imperatoris
740 1185 802 1248 per
830 1177 882 1231 tot
912 1186 1020 1231 annos
1049 1169 1209 1231 acerrimi
1238 1169 1493 1251 impugnatoris
1517 1169 1540 1231 ¹.
1569 1169 1636 1232 Nec

494 1267 606 1331 multo
627 1278 704 1349 post
725 1270 768 1331 ad
791 1269 966 1332 eeclesiam
992 1270 1080 1331 beati
1105 1268 1197 1332 Petri
1220 1279 1315 1331 trans
1336 1277 1478 1348 pontem
1500 1270 1602 1331 sitam
1624 1264 1636 1295 ⁶

494 1369 591 1449 jussit
614 1370 801 1449 deportari,
819 1370 1107 1452 prosequentibus
1128 1388 1210 1432 eum
1232 1372 1354 1432 abbate
1369 1369 1582 1433 Theoderico
1603 1378 1636 1431 et

494 1470 651 1534 Gonzone
668 1470 856 1534 Florinensi
871 1462 883 1498 ³
897 1479 932 1533 et
948 1470 1362 1533 HermendoVerdunensi
1376 1471 1400 1544 ⁴,
1413 1469 1485 1532 filio
1499 1487 1636 1552 quoque

451 1592 464 1643 5
494 1570 688 1648 Godelrido,
717 1590 798 1635 cum
830 1573 1058 1654 optimatibus
1090 1573 1173 1634 suis.
1206 1571 1253 1633 lbi
1285 1571 1348 1634 sibi
1380 1571 1505 1633 deferri
1537 1571 1636 1652 jussit

492 1689 631 1753 capsam
645 1675 845 1746 eburneam,
863 1691 929 1755 que
944 1672 1055 1736 luerat
1072 1670 1243 1752 Bonelacii
1261 1671 1482 1748 marchionis,
1496 1672 1637 1753 plenam

491 1770 650 1852 pretiosis
674 1782 873 1836 sanctorum
903 1773 1067 1855 reliquiis,
1095 1772 1187 1839 inter
1212 1791 1297 1855 quas
1327 1775 1500 1835 eminebat
1525 1773 1637 1852 portio

492 1890 617 1955 magna
628 1875 798 1937 dominice
808 1875 920 1937 crucis
931 1882 965 1937 et
974 1875 1202 1956 gestatorium
1213 1874 1321 1935 altare
1336 1892 1424 1954 pape
1434 1874 1600 1954 Johannis
1611 1866 1633 1936 ⁵.

492 1975 539 2036 Ea
561 1986 697 2055 accepta
718 1976 754 2037 in
776 1976 947 2049 manibus,
963 1993 1080 2037 coram
1101 1975 1228 2037 altari⁰
1251 1975 1339 2037 beati
1357 1973 1459 2048 Petri,
1477 1974 1550 2036 sine
1572 1974 1634 2036 ali·

434 2096 465 2132 10
491 2078 589 2154 cujus
607 2077 867 2152 sustentatione,
889 2079 923 2138 in
944 2078 1047 2157 pedes
1066 2077 1172 2140 libere
1197 2076 1361 2152 constitit,
1385 2085 1419 2139 et
1442 2077 1633 2156 predictam

490 2193 629 2257 capsam
658 2186 788 2250 tenens,
819 2178 989 2239 recensuit
1017 2195 1058 2238 ex
1093 2179 1225 2250 ordine,
1256 2177 1413 2240 videlicet
1448 2195 1489 2240 ex
1524 2178 1634 2241 edicto
1705 2196 1709 2203 ’

491 2277 675 2339 Alexandri
696 2296 782 2358 pape
795 2269 808 2305 ⁶
821 2288 1020 2358 separatum
1041 2296 1076 2340 se
1091 2297 1164 2341 esse
1180 2298 1198 2341 a
1215 2279 1404 2341 marchissa
1420 2278 1584 2353 beatrice,
1601 2287 1635 2341 et

491 2396 555 2459 pro
571 2376 726 2457 ejusdem
747 2378 972 2458 separationis
992 2380 1187 2442 conditione
1206 2388 1421 2442 structurum
1439 2397 1474 2441 se
1493 2396 1635 2461 congre-

491 2479 665 2562 gationem
706 2481 957 2542 monachorum
997 2481 1040 2542 de
1077 2481 1324 2543 communibus
1363 2480 1633 2560 possessionibus

436 2600 464 2651 ις
493 2579 674 2662 utriusque
703 2581 772 2642 Deo
799 2582 975 2643 devovisse
1002 2582 1025 2641 ⁷.
1065 2582 1211 2644 Easdem
1241 2600 1377 2663 quoque
1405 2582 1634 2661 possessiones

492 2683 675 2744 amborum
690 2698 856 2744 consensu
872 2683 1109 2746 denominatas
1129 2683 1326 2762 predictum
1342 2700 1469 2763 papam
1483 2683 1633 2746 auctori·

489 2781 569 2844 tatis
593 2798 655 2844 sue
680 2783 861 2864 privilegio
885 2782 1118 2857 confirmasse,
1146 2801 1365 2865 quocumque
1394 2783 1458 2845 sibi
1487 2785 1633 2863 placeret

490 2880 566 2943 illas
589 2881 762 2957 addicere;
789 2894 822 2944 et
847 2885 930 2964 quia
956 2895 1182 2967 pregravatus
1207 2884 1422 2958 infirmitate,
1448 2884 1483 2944 id
1513 2903 1575 2964 per
1598 2905 1634 2948 se

489 2982 606 3061 ipsum
627 2983 748 3064 exequi
771 3001 840 3044 non
862 2993 987 3065 posset,
1011 3002 1108 3047 orare
1131 2985 1380 3047 Theodericum
1403 2985 1574 3059 abbatem,
1596 2995 1634 3048 ut

431 3107 464 3143 zo
490 3084 595 3160 hujus
608 3083 662 3145 sui
678 3084 747 3146 voti
763 3102 882 3147 curam
898 3088 1135 3168 exequendam
1151 3105 1213 3166 pro
1227 3104 1262 3148 se
1276 3087 1462 3166 susciperet
1475 3084 1499 3146 Ι.
1525 3086 1631 3150 Erant

489 3200 570 3245 vero
587 3183 660 3264 ipse
680 3185 906 3264 possessiones
925 3186 994 3249 lere
1009 3205 1129 3249 omnes
1144 3186 1296 3250 militum
1311 3185 1540 3267 stipendiarie,
1557 3187 1629 3268 qui,

490 3284 568 3347 licet
589 3286 704 3365 palam
727 3304 796 3350 non
818 3289 987 3351 auderent
1006 3287 1085 3351 duci
1105 3306 1162 3350 eas
1180 3288 1244 3349 sibi
1265 3287 1452 3349 retrahenti
1467 3298 1480 3328 ⁶
1496 3296 1631 3349 contra·

522 3481 539 3514 a
567 3462 655 3516 altare
672 3466 710 3515 A.
728 3493 761 3503 -
784 3464 808 3516 h.
832 3476 977 3540 suscperet
994 3468 1032 3519 A.
1050 3496 1083 3505 -
1106 3484 1129 3519 c.
1154 3465 1235 3517 Dans
1254 3466 1291 3529 A,
1310 3465 1337 3516 la
1353 3466 1425 3526 lesan
1442 3474 1481 3516 est
1495 3466 1603 3531 confuse
1619 3480 1630 3514 .·

490 3552 603 3603 rathere
617 3553 754 3603 sumenti
770 3552 885 3603 derriare
902 3552 926 3602 le
943 3562 955 3603 t
972 3553 1036 3603 d'un
1052 3554 1128 3618 signe
1144 3552 1330 3602 d'airtviattbn
1348 3553 1498 3620 Aquinatem
1513 3554 1529 3600 d
1550 3566 1588 3611 ra,
1606 3559 1631 3600 et

427 3817 460 3868 ²5
525 3811 534 3839 ¹
552 3801 635 3855 Cet'te
646 3803 842 3856 enumeration
854 3804 965 3871 appelle
978 3819 1034 3856 une
1044 3804 1157 3855 reserve
1168 3819 1174 3854 :
1186 3804 1206 3854 il
1219 3811 1261 3854 est
1273 3804 1399 3855 douteux
1409 3817 1465 3871 que
1473 3801 1630 3855 Godelroid

488 3890 517 3942 le
530 3889 623 3942 Barbu
640 3890 679 3941 ait
690 3904 726 3941 eu
737 3890 835 3957 jamais
850 3889 877 3941 le
890 3891 957 3941 titre
969 3890 1004 3941 de
1019 3891 1126 3956 patrice
1139 3890 1175 3941 de
1189 3892 1286 3951 Rome,
1300 3905 1366 3957 voy.
1378 3889 1394 3941 J
1397 3901 1468 3951 uun,
1480 3905 1558 3945 oum.
1570 3891 1629 3951 citt,

486 3994 516 4045 p.
531 3991 576 4041 3o;
590 3992 640 4028 sur
650 3991 694 4029 ses
705 3985 800 4029 autres
812 3976 902 4039 titres,
916 3992 982 4044 voy.
996 3990 1033 4027 ιε
1046 3978 1152 4037 aalma„
1166 3993 1215 4043 pp.
1229 3991 1257 4040 31
1272 3984 1301 4028 et
1312 3977 1385 4028 suiv.

522 4070 531 4098 ²
550 4061 591 4115 Le
607 4063 723 4115 chateau
741 4063 777 4114 de
795 4062 928 4114 Bouillon
946 4072 989 4114 est
1006 4063 1080 4114 situe
1098 4078 1147 4114 sur
1163 4064 1188 4114 la
1207 4064 1267 4114 rive
1284 4063 1391 4130 gauche
1408 4062 1443 4113 de
1460 4061 1486 4112 la
1504 4060 1627 4120 Semois;

486 4148 595 4218 l'eglisc
604 4148 791 4202 Saint-Pierre
799 4147 1036 4213 (definitivement
1048 4150 1171 4201 demolie
1184 4165 1247 4201 vers
1260 4151 1332 4213 1850)
1344 4157 1372 4200 et
1384 4149 1502 4199 l'ancien
1515 4147 1628 4214 prieurd

378 4265 388 4276 -
420 4238 458 4300 30
486 4236 655 4303 occupaient
664 4234 891 4301 l'emplacement
902 4235 940 4286 du
953 4235 1097 4286 cimetiere
1108 4236 1210 4296 actuel,
1225 4250 1273 4286 sur
1284 4235 1310 4285 la
1323 4236 1383 4285 rive
1393 4231 1495 4286 droite.

521 4330 533 4370 a
550 4322 622 4391 Voy.
635 4320 779 4383 cidessus,
792 4337 817 4372 c.
831 4334 856 4387 7.

520 4417 533 4454 4
549 4407 591 4461 Ie
605 4406 696 4460 Gallia
710 4408 878 4472 Christiana,
893 4415 912 4458 t.
928 4407 1007 4471 xlll,
1020 4424 1056 4460 ne
1074 4408 1239 4459 mentionne
1255 4423 1346 4459 aucun
1362 4420 1537 4474 personnage
1548 4404 1584 4457 de
1595 4420 1628 4457 ce

483 4512 564 4554 nom.
578 4499 593 4548 a
605 4504 679 4549 cette
691 4496 810 4565 dpoque,
824 4497 892 4549 dans
905 4504 969 4548 tout
980 4497 1008 4547 le
1019 4497 1131 4548 diocese
1143 4496 1179 4547 de
1192 4496 1315 4547 Verdun.

519 4588 530 4627 5
548 4581 768 4636 Probablement
778 4583 848 4635 Jean
861 4582 938 4643 XlX,
952 4598 1023 4649 pape
1034 4583 1070 4634 de
1085 4585 1176 4643 1024a
1192 4596 1264 4646 1033.

413 4684 449 4737 35
518 4668 533 4705 ⁶
548 4668 710 4721 Alexandra
724 4668 759 4731 ΙΙ,
773 4685 844 4737 pape
856 4669 891 4720 de
907 4670 965 4720 1061
980 4672 996 4719 a
1011 4683 1083 4734 1073.

516 4758 656 4808 tilam
672 4768 730 4808 rou
748 4754 888 4818 Kuouau
909 4771 984 4808 oure.
1004 4758 1062 4811 ci'tc',
1087 4764 1107 4806 t.
1131 4755 1152 4815 l,
1174 4770 1222 4821 pp.
1241 4754 1361 4816 6024503,
1383 4753 1442 4804 voit
1463 4752 1532 4803 dans
1552 4758 1626 4802 cette

478 4842 642 4912 separation
654 4856 710 4894 une
721 4841 870 4909 penitence
883 4841 1008 4908 imposee
1020 4840 1201 4893 aGodeiroid
1213 4840 1240 4891 le
1251 4840 1343 4892 Barbu
1357 4854 1429 4906 pour
1441 4838 1545 4904 l'appui
1557 4835 1626 4904 qu'il

475 4930 558 4985 avait
574 4928 655 4996 prete
671 4930 687 4979 a
703 4927 855 4995 l'antipape
871 4927 1006 4989 Cadalns;
1026 4937 1101 4980 cette
1118 4928 1290 4995 conjecture,
1308 4930 1324 4977 a
1339 4924 1480 4992 premiere
1496 4939 1552 4975 vue
1569 4937 1623 4989 peu

475 5014 634 5088 plausible,
647 5024 693 5067 est
702 5014 854 5068 forlement
866 5014 1062 5068 documentee.
