4450 6125
874 876 1028 958 Sancti
1058 879 1270 962 Huberli.
1569 914 1644 966 221

509 1172 685 1236 utiliorem
708 1180 820 1234 nosset
840 1189 1035 1252 personam.
1053 1172 1122 1248 Qui
1143 1172 1326 1252 paululum
1346 1182 1525 1235 cunctatus
1540 1174 1576 1234 in
1591 1173 1650 1235 tali

508 1273 666 1354 opposita
680 1272 745 1334 sibi
760 1272 1013 1345 deliberatione,
1031 1273 1208 1353 respondit
1223 1292 1288 1354 pro
1302 1283 1456 1354 tempore
1476 1275 1651 1336 neminem

509 1374 686 1438 utiliorem
706 1392 741 1436 se
764 1392 872 1448 nosse,
900 1391 1005 1455 quam
1031 1374 1078 1435 ibi
1106 1385 1301 1455 presentem
1326 1374 1508 1437 Wiredum
1533 1393 1652 1437 mona·

508 1477 616 1538 chum
630 1475 785 1553 ejusdem
803 1474 950 1536 ecclesie.
970 1474 1135 1537 Hortatus
1153 1476 1310 1538 accedere
1323 1475 1495 1549 wiredus,
1509 1476 1599 1552 licet,
1613 1484 1651 1539 ut

468 1598 482 1653 ς
510 1576 549 1639 fit
571 1575 798 1658 aliquamdiu,
815 1575 977 1637 reluctari
998 1575 1185 1650 videretur,
1203 1587 1319 1639 tamen
1339 1576 1488 1639 donante
1508 1576 1652 1639 Otberto

509 1679 685 1741 abbatiam
700 1676 860 1757 suscepit,
877 1676 992 1757 sicque
1011 1676 1196 1740 comitatus
1212 1678 1403 1759 Berengero
1423 1685 1456 1738 et
1473 1676 1652 1739 Frederico

508 1779 707 1859 preposito¹
729 1777 953 1858 Andaginum
974 1779 1079 1840 venit.
1104 1777 1284 1841 Fratribus
1307 1790 1424 1840 autem
1450 1778 1651 1841 electionem

507 1880 556 1942 sic
570 1881 774 1944 frustratam
789 1877 1064 1959 indignantibus,
1080 1888 1116 1941 et
1130 1878 1293 1953 venienti,
1309 1885 1349 1941 ut
1363 1887 1414 1940 est
1429 1897 1515 1952 mos,
1533 1895 1650 1959 proce·

507 1982 587 2043 dere
612 1980 896 2055 detrectantibus,
920 1981 1182 2043 intervenerunt
1206 1981 1411 2043 mediatores
1437 1981 1651 2061 Berengerus

452 2109 481 2144 ro
509 2091 541 2145 et
567 2082 770 2145 Fredericus
794 2080 1033 2162 suffragantes,
1060 2068 1179 2161 prout¹
1193 2091 1352 2162 poterant
1377 2081 1515 2162 ingenio
1539 2090 1572 2143 et
1598 2099 1649 2143 ra·

507 2185 610 2259 tione,
639 2202 681 2246 ne
706 2185 754 2246 sic
777 2183 1059 2245 inconvenienter
1083 2184 1250 2246 hactenus
1278 2181 1388 2256 fratri,
1415 2182 1542 2244 amodo
1570 2199 1651 2244 vero

507 2287 608 2366 patri,
628 2284 848 2347 dissentirent
863 2296 889 2358 ⁶,
910 2294 944 2348 et
966 2285 993 2347 si
1014 2303 1096 2347 eum
1119 2288 1183 2347 hoc
1206 2284 1288 2365 pati,
1311 2285 1389 2347 illos
1408 2294 1523 2346 tamen
1542 2281 1650 2347 facere

508 2405 576 2448 non
595 2387 740 2460 deceret,
762 2387 978 2448 consulerent
997 2386 1051 2449 vel
1071 2384 1161 2448 fame
1180 2404 1251 2458 sue,
1275 2403 1316 2447 ne
1339 2384 1442 2447 nimis
1456 2385 1649 2447 inconsulte

506 2487 708 2550 viderentur
736 2489 803 2549 tale
831 2487 961 2568 aliquid
990 2488 1109 2568 egisse,
1135 2486 1375 2566 experirentur
1403 2486 1499 2566 prius
1528 2494 1649 2548 utrum

453 2611 479 2661 15
508 2598 594 2651 esset
610 2589 705 2651 utilis
720 2598 753 2651 et
768 2589 979 2663 retinendus,
993 2606 1036 2650 an
1052 2588 1185 2650 inutilis
1200 2597 1234 2650 et
1250 2584 1482 2666 rejiciendus&
1494 2587 1649 2649 Tandem

509 2691 632 2752 rationi
657 2691 699 2751 ad
726 2691 850 2751 horam
874 2690 1044 2763 cedentes,
1072 2706 1254 2770 suppressa
1280 2690 1321 2750 ad
1348 2697 1488 2769 tempus
1514 2695 1649 2750 contra·

506 2792 664 2866 dictione,
682 2793 771 2871 passi
787 2800 869 2854 sunt
886 2792 987 2853 illum
1001 2792 1132 2866 adesse,
1149 2791 1282 2872 sibique
1297 2789 1529 2872 equanimiter
1543 2789 1649 2853 inter-

505 2911 590 2969 esse,
621 2894 728 2955 donec
753 2892 873 2954 eadem
902 2891 1128 2955 contradictio
1157 2895 1365 2974 quandoque
1390 2890 1488 2954 fieret
1511 2889 1647 2972 justior,

506 2993 533 3055 si
561 3004 778 3056 consecratus
810 2995 852 3055 ab
881 2993 1026 3055 Otberto
1060 2992 1212 3055 Romane
1243 2991 1410 3054 sententie
1443 2991 1648 3072 probaretur

449 3121 480 3158 20
507 3097 660 3157 desertor
674 3107 696 3170 ⁶,
713 3096 812 3174 cujus
826 3104 925 3156 antea
948 3092 1059 3156 fuerat
1080 3094 1269 3157 acerrimus
1294 3102 1451 3156 assertor.
1476 3092 1648 3155 Gravabat

506 3194 758 3256 autem'adhuc
779 3196 822 3256 ab
843 3194 988 3255 introitu
1013 3192 1250 3274 ingobrandid
1262 3201 1457 3272 presentem
1472 3192 1647 3254 ecclesiam

506 3295 659 3356 maxima
676 3312 793 3356 rerum
806 3294 935 3374 inopia,
952 3293 1034 3375 quia
1049 3293 1301 3373 dispensatores
1317 3309 1439 3354 earum
1455 3293 1648 3356 tractabant

504 3413 559 3456 eas
589 3395 693 3457 nimis
721 3395 864 3477 prodige
895 3395 989 3457 nullo
1019 3403 1175 3474 respectu
1204 3392 1391 3469 fidelitatis,
1421 3400 1455 3456 et
1485 3412 1573 3474 pene
1601 3395 1643 3456 ad

505 3515 692 3559 numerum
719 3498 841 3579 viginti
868 3497 1036 3558 librarum
1062 3496 1239 3559 imminuti
1265 3505 1364 3559 erant
1390 3495 1521 3558 reditus
1543 3496 1644 3559 eccle·

446 3702 474 3752 ²5
535 3701 561 3734 a.
580 3684 749 3735 disentirent
762 3686 799 3739 Α,
813 3716 845 3723 -
862 3685 885 3736 l.
906 3686 1064 3738 reiciendus
1075 3686 1112 3738 Α.
1127 3715 1160 3723 -
1176 3701 1199 3736 c.
1219 3685 1300 3735 Dans
1310 3686 1348 3746 A,
1362 3685 1485 3736 disertor
1500 3685 1602 3750 corrigi
1612 3700 1644 3734 en

501 3767 638 3820 desertor.
651 3799 684 3807 —
701 3771 726 3820 d.
746 3772 933 3838 hingobrandi
945 3772 982 3824 A.

502 3938 799 3949 ———.-.

536 4063 543 4089 ¹
565 4056 586 4106 F
590 4056 705 4118 roderic,
725 4058 961 4109 successivement
980 4060 1128 4122 chanoine,
1145 4060 1317 4113 archidiacre
1336 4069 1364 4112 et
1382 4061 1483 4127 prevdt
1501 4060 1537 4111 de
1555 4058 1646 4110 Saint-

502 4140 645 4202 Lambert,
659 4142 726 4193 erait
741 4143 767 4194 le
780 4143 843 4209 plus
854 4145 939 4210 jeune
951 4145 1000 4196 des
1012 4148 1082 4197 trois
1094 4146 1138 4196 fils
1150 4146 1187 4197 du
1200 4156 1293 4198 comte
1305 4147 1406 4198 Albert
1420 4146 1460 4197 ΙΙΙ
1473 4147 1508 4197 de
1520 4145 1643 4205 Namur,·

503 4227 521 4276 il
539 4228 656 4278 succeda
673 4232 688 4278 {a
704 4230 817 4291 Olbert,
837 4231 863 4281 le
880 4244 910 4293 23
928 4231 999 4281 avril
1020 4246 1090 4297 1119,
1108 4248 1158 4283 sur
1173 4232 1200 4283 le
1216 4233 1291 4299 siege
1307 4231 1449 4298 episcopal
1466 4232 1501 4282 de
1517 4230 1604 4298 Liege
1615 4237 1646 4281 et

445 4336 476 4385 30
504 4324 618 4364 mourut
646 4316 853 4382 tragiquement
880 4317 906 4368 le
932 4330 962 4383 27
988 4318 1041 4368 mai
1069 4331 1141 4371 1121.
1168 4316 1250 4368 Nous
1275 4317 1430 4383 posse'dons
1457 4332 1512 4367 une
1539 4313 1646 4367 double

502 4400 667 4467 biographie
685 4401 719 4452 de
739 4403 760 4452 F
764 4402 871 4455 rc'deric
889 4418 895 4453 :
912 4404 988 4454 l'une
1006 4419 1041 4455 en
1060 4419 1153 4470 prose,
1178 4403 1237 4453 Vita
1252 4403 1398 4458 Frederici‚
1413 4402 1486 4454 aete
1499 4401 1591 4454 editee
1608 4417 1646 4453 en

501 4485 615 4537 dernier
635 4487 691 4538 lieu
713 4504 763 4553 par
784 4489 1008 4552 errnrumcu,
1029 4489 1145 4545 MGH„
1170 4489 1233 4547 SS„
1258 4499 1278 4542 t.
1302 4490 1370 4551 Xll;
1393 4490 1493 4540 l'autre
1513 4504 1549 4539 en
1570 4503 1645 4550 vers,

501 4571 681 4638 Epitaphium
700 4583 724 4623 cl
742 4577 796 4624 vila
816 4575 844 4625 S.
865 4576 1005 4627 Fredcrici
1025 4576 1051 4626 T
1047 4578 1202 4641 rajeclcnsis
1221 4576 1289 4642 (lire
1307 4575 1473 4641 leodiensis)
1492 4575 1606 4641 episcopi
1623 4581 1649 4624 et

503 4661 639 4724 rnarlrris,
667 4677 682 4710 a
706 4661 751 4711 ete
776 4662 890 4726 publie'e
913 4679 963 4728 par
987 4663 1021 4715 G.
1046 4663 1166 4725 KURTH,
1191 4662 1322 4714 Analecta
1345 4661 1538 4718 Bollandiizna,
1566 4670 1586 4710 t.
1609 4660 1647 4712 ΙΙ.

443 4763 474 4814 35
505 4743 526 4793 F
529 4744 636 4796 rederic
656 4757 698 4796 est
722 4748 885 4799 mentionne
904 4764 1014 4801 comme
1034 4750 1207 4801 archidiacre
1224 4755 1253 4800 et
1271 4764 1382 4801 comme
1403 4747 1504 4814 provbt
1522 4748 1592 4799 dans
1610 4761 1649 4796 un

504 4832 590 4896 grand
612 4833 731 4883 nombre
751 4833 862 4896 d'actes,
882 4834 917 4885 de
940 4835 1002 4900 1096
1021 4839 1036 4886 a
1057 4838 1120 4887 1118
1127 4852 1133 4895 ;
1155 4852 1220 4903 voy.
1240 4849 1279 4886 on
1298 4834 1475 4894 Manutius,
1496 4849 1571 4883 ourir.
1588 4832 1646 4887 citi,

505 4930 552 4980 pp.
566 4931 613 4977 442
628 4929 656 4968 et
669 4934 740 4969 suiv.
