4450 6125
872 859 1027 941 Sancti
1057 858 1269 941 Huberti.
1570 890 1645 969 ¹¹7

504 1160 669 1221 eductum
678 1157 836 1220 lauduni
848 1157 1078 1231 commiserat,
1087 1159 1185 1237 quasi
1197 1160 1239 1219 ad
1253 1158 1647 1242 satisfaciendum⁶epis

503 1278 600 1340 copo,
617 1258 672 1321 cui
688 1258 870 1320 videbatur
890 1256 1076 1336 injuriosus
1097 1276 1159 1336 pro
1174 1260 1276 1320 verbo
1295 1261 1454 1339 superius
1473 1262 1647 1326 incautius

504 1364 543 1424 in
556 1379 637 1423 eum
652 1359 796 1440 prolato
815 1359 857 1421 Et
872 1358 1134 1439 indignantibus
1153 1359 1315 1421 adversus
1334 1379 1417 1422 eum
1436 1363 1644 1446 quibusque,

506 1462 659 1526 amarius
674 1477 755 1522 vero
771 1459 953 1522 lamberto
969 1462 1108 1538 maiore,
1127 1461 1219 1540 quod
1234 1462 1331 1540 quasi
1351 1461 1445 1525 illius
1465 1464 1646 1543 inprovida

461 1588 477 1640 5
506 1563 725 1642 simplicitate
759 1560 957 1641 hujusmodi
992 1561 1187 1640 dampnum
1221 1563 1388 1625 evenisset
1421 1565 1575 1640 ecclesie,
1607 1577 1647 1628 ut

506 1661 773 1728 emolumentis*
789 1661 962 1723 nutritus¹
983 1662 1170 1723 deserviret
1190 1663 1308 1724 alienis
1324 1664 1541 1738 utilitatibus
1558 1667 1647 1746 cepit

503 1783 623 1830 secum
638 1764 838 1836 deliberare,
856 1780 898 1824 an
914 1763 1109 1842 depositum
1128 1764 1332 1825 Adalberoni
1354 1767 1584 1842 remandaret,
1602 1785 1645 1829 an

503 1884 565 1948 per
579 1884 613 1928 se
628 1866 744 1945 ipsum
761 1863 987 1925 lambertum
1004 1864 1202 1944 requireret.
1227 1864 1433 1928 Imminebat
1452 1884 1533 1928 vero
1552 1869 1648 1929 dedi-

503 1967 592 2030 catio
610 1965 768 2028 eccclesie
785 1963 999 2036 Ebernensis,
1013 1981 1080 2044 que
1095 1973 1146 2024 est
1160 1965 1195 2024 in
1211 1965 1266 2025 die
1280 1966 1387 2027 sancti
1403 1967 1555 2043 Martini,
1571 1968 1648 2030 illo·

443 2093 477 2130 ιο
504 2086 572 2149 que
586 2066 691 2129 abbas
706 2064 845 2126 veniens
862 2064 1041 2125 mandavit
1056 2063 1252 2136 lamberto,
1272 2077 1311 2127 ut
1329 2066 1392 2127 sibi
1413 2081 1609 2131 occurreret
1623 2082 1644 2132 ‘.

506 2170 575 2240 llle,
598 2169 717 2230 audito
738 2167 901 2227 mandato
921 2166 1005 2225 hora
1027 2165 1138 2239 tertia,
1160 2167 1310 2228 occurrit
1329 2167 1358 2229 ei
1379 2186 1460 2229 cum
1481 2169 1649 2250 legatione

504 2269 644 2332 ecclesie
668 2267 782 2330 Sancti
806 2266 951 2348 Remigii
976 2267 1059 2326 hora
1082 2277 1187 2329 sexta.
1216 2268 1355 2330 letatus
1376 2278 1427 2331 est
1448 2272 1554 2332 abbas
1578 2283 1648 2333 tam

506 2373 576 2434 cito
595 2370 659 2433 sibi
674 2368 859 2459 occurrisse
876 2368 1112 2441 lambertum,
1130 2369 1411 2432 erubescentibus
1426 2371 1648 2451 quibusdam,

507 2473 568 2554 qui
584 2472 789 2544 asserebant,
806 2468 904 2550 quasi
920 2467 1082 2529 rebellem
1099 2485 1166 2529 non
1182 2486 1253 2530 esse
1269 2480 1469 2533 venturum.
1489 2472 1554 2534 Cui
1569 2492 1649 2535 cum

446 2597 476 2647 ις
507 2592 624 2637 coram
645 2572 805 2651 objiceret
820 2571 846 2644 d,
871 2588 937 2631 non
962 2573 1026 2631 boc
1049 2570 1224 2631 ecclesiam
1253 2581 1399 2633 matrem
1422 2591 1521 2635 suam
1546 2575 1588 2636 de
1610 2594 1650 2637 eo

507 2674 685 2746 meruisse,
703 2683 742 2734 ut
756 2672 875 2733 alienis
889 2670 1080 2732 commodis
1096 2671 1288 2733 deserviens
1303 2672 1398 2734 illam
1416 2683 1647 2754 postponeret,

506 2774 684 2856 respondit
705 2774 921 2843 lambertus,
943 2789 1013 2832 non
1032 2771 1065 2831 id
1088 2781 1178 2833 recte
1198 2772 1489 2851 calumpniatores
1508 2793 1588 2837 suos
1607 2776 1649 2838 de

507 2894 542 2938 se
555 2874 692 2948 sentire,
709 2872 917 2951 ubicumque
933 2881 1021 2933 esset
1036 2889 1071 2933 se
1086 2870 1198 2933 filium
1219 2891 1322 2934 suum
1343 2875 1498 2950 ejusdem
1513 2876 1649 2939 ecclesie

505 2995 547 3038 ex
562 2984 634 3040 toto
650 2990 890 3056 recognoscere
905 2985 929 3044 ⁶,
945 2985 978 3033 et
994 2980 1032 3033 ut
1047 2973 1119 3052 ipse
1137 2973 1260 3034 melius
1276 2983 1389 3037 nosset
1405 2992 1598 3058 numquam
1614 2995 1649 3039 se

443 3104 478 3139 ιο
507 3080 671 3141 hactenus
690 3075 833 3138 arbitrio
853 3093 915 3137 suo
935 3074 1069 3143 vixisse,
1093 3092 1154 3135 nec
1174 3077 1299 3137 amodo
1319 3076 1404 3137 velle
1425 3078 1554 3152 vivere;
1572 3079 1649 3141 etsi

507 3179 588 3241 satis
606 3182 678 3252 jam
696 3185 878 3254 expertum
899 3177 1012 3237 adbuc
1031 3176 1178 3253 experiri
1202 3176 1360 3254 placeret,
1383 3178 1517 3256 juberet
1538 3190 1648 3257 potes-

508 3288 612 3341 tative
624 3277 707 3359 quid
718 3295 754 3338 se
769 3276 878 3337 lacere
891 3276 1018 3337 mallet.
1034 3274 1115 3337 Ads
1125 3278 1189 3337 hoc
1201 3277 1304 3337 abbas
1316 3294 1396 3337 cum
1408 3278 1596 3341 assidentes
1610 3280 1648 3340 in

507 3378 750 3441 ammiratione
770 3376 1056 3454 circumspiceret,
1084 3377 1175 3457 quod
1203 3387 1275 3438 tam
1301 3377 1367 3438 cito
1392 3388 1425 3439 et
1452 3379 1648 3441 rationabili

510 3481 642 3543 reddita
658 3478 789 3541 ratione
804 3476 962 3538 omnium
977 3495 997 3537 a
1011 3495 1046 3538 se
1061 3478 1275 3557 calumpnias
1291 3479 1502 3553 removisset,
1524 3481 1650 3561 legatio

452 3602 482 3653 ²5
511 3581 626 3646 Sancti
653 3579 799 3660 Remigii
830 3579 890 3638 bas
918 3578 967 3639 illi
999 3578 1128 3639 litteras
1157 3579 1283 3657 optulit
1311 3579 1347 3639 in
1371 3581 1491 3640 eadem
1516 3598 1648 3642 conses-

509 3687 633 3747 sione:
663 3680 850 3742 Venerabili
870 3680 982 3740 abbati
1008 3679 1042 3739 T.
1068 3680 1176 3753 frater
1200 3680 1243 3739 H.
1271 3686 1300 3741 et
1316 3679 1429 3756 fidelis
1456 3683 1511 3742 ilii
1534 3683 1650 3745 Sancti

509 3784 657 3865 Remigii
671 3782 897 3861 congregatio,
915 3782 1008 3841 illam
1024 3800 1086 3859 que
1100 3786 1146 3841 est
1160 3781 1252 3841 salus
1264 3781 1437 3859 justorum
1453 3801 1472 3841 a
1490 3782 1644 3846 Domino.

508 3887 608 3964 Apud
628 3884 803 3945 karitatem
824 3891 933 3943 veram
954 3901 1053 3961 quam
1069 3883 1234 3942 credimus
1250 3888 1401 3954 vestram,
1419 3902 1485 3943 non
1502 3885 1647 3945 multum

508 3988 637 4048 laborat
649 3985 692 4045 ad
707 3984 932 4062 optinendum,
949 3983 1037 4061 quod
1058 3984 1138 4058 petit
1152 3981 1283 4058 fiducia
1307 3982 1468 4058 fraterna.
1493 3985 1545 4046 Sit
1565 4005 1646 4065 ergo

448 4108 481 4158 30
507 4090 575 4167 ejus
595 4088 701 4165 ipsius
720 4091 821 4147 vestre
842 4086 1012 4165 karitatis,
1036 4091 1072 4144 ut
1089 4085 1228 4161 fratrem
1250 4086 1289 4146 L.
1313 4086 1406 4146 nobis
1431 4105 1506 4148 cum
1531 4090 1646 4167 gratia

506 4195 612 4251 vestra
627 4188 812 4249 remittatis.
829 4186 893 4247 Sed
910 4205 1010 4265 neque
1030 4187 1079 4246 vet
1098 4187 1187 4246 vobis
1207 4187 1257 4246 vel
1275 4187 1402 4247 ecclesie
1422 4194 1526 4248 vestre
1546 4208 1645 4262 repu-

506 4297 594 4352 tetur
612 4289 718 4360 oneri,
734 4291 820 4367 quod
841 4287 1004 4361 probatur
1020 4287 1153 4360 honori,
1173 4306 1229 4346 nec
1250 4287 1438 4349 ascribatur
1453 4301 1472 4336 ἰ
1486 4289 1642 4368 dampno,

540 4473 566 4506 a.
585 4455 665 4506 Dans
680 4455 718 4519 A,
733 4452 950 4505 satisfactionem
966 4471 983 4502 a
999 4456 1036 4503 eti
1051 4456 1195 4519 acponctut
1205 4461 1229 4503 et
1240 4455 1342 4520 corrigi
1353 4471 1452 4505 comme
1463 4458 1598 4512 cidessus,
1612 4489 1645 4499 —

507 4541 531 4593 b.
549 4540 684 4595 Petet-itm
692 4540 794 4607 saut-il
807 4539 928 4607 supplice
939 4540 1010 4607 ejus.
1027 4567 1054 4576 -
1073 4557 1096 4592 c.
1116 4549 1262 4592 occureret
1274 4541 1311 4593 A.
1326 4571 1357 4579 -
1375 4543 1400 4595 d.
1419 4544 1545 4597 obiceret
1561 4547 1598 4597 Α.
1612 4576 1645 4585 -

445 4645 477 4696 35
508 4645 529 4679 e.
550 4641 747 4695 recognoscere
758 4628 795 4679 A.
809 4656 841 4665 -
851 4627 879 4692 s.
898 4636 926 4676 at
938 4628 975 4676 Α.
992 4655 1020 4665 -
1036 4643 1063 4693 g.
1083 4627 1253 4679 asscribatur
1264 4629 1301 4678 Α.

545 4857 553 4883 ¹
572 4847 630 4901 cfr.
646 4848 805 4918 Chronique,
819 4850 964 4911 ci·dessu8,
979 4866 1005 4916 p.
1020 4852 1068 4899 23:
1083 4848 1256 4900 Lavnbcrtum
1269 4850 1299 4899 de
1316 4852 1436 4900 maxima
1447 4859 1602 4917 paupertate
1612 4854 1649 4902 ad

506 4948 638 5000 magnam
646 4933 760 5001 gloriam
772 4935 828 4985 Dei
835 4936 926 5001 gratia
937 4937 1108 4985 suscitatum.
1121 4976 1124 4981 .
1137 4974 1142 4984 .
