4450 6125
651 928 703 979 20
858 902 1170 983 Caritatorz'mn
1200 909 1293 983 sive
1328 903 1578 984 Chronicon

646 1199 833 1251 ficientiam
856 1217 946 1252 suam
968 1202 1187 1267 pretendere,
1208 1203 1370 1268 imparem
1391 1217 1426 1252 se
1447 1207 1544 1253 tanto
1564 1200 1662 1252 oneri
1682 1198 1795 1252 recla-

648 1303 752 1350 mare,
784 1287 934 1339 lacrimis
963 1290 1065 1340 etiam
1092 1289 1253 1340 attestari
1283 1304 1341 1341 cor
1368 1304 1383 1339 a
1410 1286 1515 1339 labiis
1549 1302 1615 1339 non
1645 1285 1792 1339 distare.

649 1373 839 1440 Episcopus
871 1382 1010 1425 econtra
1044 1375 1253 1425 renitentem
1286 1389 1421 1442 cogere,
1456 1382 1648 1426 conventus
1679 1373 1794 1425 omnis

648 1461 821 1512 incessere
864 1477 905 1512 ne
945 1461 1064 1513 divine
1102 1462 1277 1512 vocationi
1323 1471 1357 1512 et
1396 1460 1570 1512 voluntati
1607 1459 1795 1512 videretur

646 1547 830 1599 obsistere.
857 1546 1002 1598 Tandem
1027 1556 1199 1598 tantorum
1223 1562 1407 1614 oppressus
1431 1547 1643 1599 auctoritate
1664 1553 1693 1598 et
1718 1546 1794 1598 vio·
1841 1560 1853 1610 5

647 1631 760 1683 lenter
785 1641 980 1684 attractusa
1014 1631 1177 1684 Gonzone
1211 1632 1408 1685 Florinensi
1441 1632 1563 1685 abbate
1598 1639 1623 1695 ¹,
1652 1640 1686 1682 et
1722 1629 1794 1684 Ste-

646 1720 793 1784 phanea.
814 1718 929 1770 Sancti
944 1719 1126 1770 Laurentii
1139 1726 1163 1781 ²,
1179 1720 1368 1786 injunctam
1382 1720 1448 1772 sibi
1463 1735 1574 1771 curam
1591 1719 1748 1786 suscepit
1763 1727 1794 1772 et

497 1798 626 1850 2s6vries
645 1815 867 1857 consecratus
887 1815 937 1857 est
962 1806 1107 1858 abbasin
1128 1804 1380 1858 Purificatione
1398 1805 1520 1858 Sancte
1540 1806 1794 1873 Mariesemper

531 1879 592 1930 ¹⁰⁵⁵
644 1889 1791 1973 virginis,sicquecomitatus[a]predictoStephanoabbateSancti

649 1994 823 2055 Laurentii
852 1994 894 2054 ad
923 1992 1144 2054 commissam
1173 1992 1237 2054 sibi
1265 1993 1441 2055 ecclesiam
1473 1992 1650 2054 concessit.
1679 1989 1793 2068 Cujus
1824 2000 1856 2037 ¹0

647 2093 784 2155 culmen
806 2112 885 2156 cum
906 2096 947 2153 de
971 2094 1069 2174 longe
1085 2093 1235 2165 vidisset,
1254 2103 1292 2155 ut
1310 2102 1384 2156 erat
1400 2104 1483 2156 tunc
1504 2094 1652 2173 hyemps
1670 2108 1791 2172 asper-

647 2191 747 2266 rima,
766 2194 801 2255 in
822 2193 943 2254 mediis
964 2192 1102 2255 nivibus
1122 2194 1163 2254 ad
1187 2204 1316 2256 terram
1337 2193 1484 2274 procidit
1502 2203 1536 2255 et
1559 2193 1669 2254 Deum
1689 2189 1792 2272 adju·

647 2305 757 2354 torem
774 2294 837 2354 sibi
854 2294 970 2355 adesse
992 2313 1070 2356 cum
1092 2294 1224 2375 gemitu
1243 2294 1451 2370 inclamavit,
1468 2304 1658 2376 opertoque
1676 2291 1790 2373 capite

645 2409 680 2455 et
699 2393 803 2456 nudis
825 2394 970 2474 pedibus
994 2397 1243 2458 monasterium
1266 2414 1374 2477 usque
1396 2393 1561 2476 processit
1583 2385 1607 2456 ³.

685 2550 718 2607 8.
737 2548 816 2621 (12.)
832 2545 1002 2624 Exceptus
1016 2546 1061 2606 ⁴a
1081 2544 1212 2606 cunctis
1230 2563 1309 2607 cum
1329 2544 1434 2626 digno
1453 2544 1566 2606 favore
1581 2535 1605 2619 ⁵,
1622 2543 1782 2607 studebat
1816 2557 1846 2610 ¹5

676 2701 702 2736 a.
723 2684 866 2750 Stepheno
878 2685 915 2737 A.

678 2893 685 2919 ¹
705 2884 835 2947 Gonzon,
848 2899 950 2935 encore
962 2884 1062 2950 appele
1077 2882 1179 2934 Gontlro
1190 2899 1226 2935 ou
1248 2883 1348 2940 chso,
1364 2883 1436 2934 frere
1451 2883 1486 2935 de
1499 2882 1615 2946 Wazon,
1629 2882 1737 2950 eveque
1746 2881 1783 2934 de

643 2966 739 3035 Liege,
752 2977 795 3018 est
806 2966 861 3018 cite
873 2968 941 3017 dans
953 2967 1048 3017 divers
1059 2967 1236 3029 documents,
1250 2967 1319 3018 dont
1331 2966 1372 3017 les
1384 2966 1462 3017 dates
1474 2975 1543 3017 vont
1555 2966 1590 3017 de
1602 2968 1693 3031 1029t
1705 2965 1781 3032 1069;

643 3052 708 3121 vey.
728 3052 888 3116 Bistonius,
906 3071 981 3106 ouvr¹
996 3055 1054 3115 citi,
1068 3069 1116 3120 pp.
1130 3053 1154 3116 6,
1170 3068 1182 3118 7
1196 3062 1224 3104 et
1240 3067 1294 3118 154.
1313 3051 1372 3104 Ctr.
1392 3052 1482 3105 Gallia
1502 3052 1669 3109 Christiana,
1689 3061 1710 3106 t.
1730 3050 1781 3115 ΙΙΙ,

644 3140 698 3205 col.
711 3154 759 3207 977
772 3150 800 3191 et
813 3142 885 3191 suiv.
1816 3145 1850 3182 ιο

676 3227 687 3252 ²
706 3210 836 3288 Etienne,
850 3226 965 3278 d’abord
981 3226 1120 3277 chanoine
1138 3226 1173 3277 de
1192 3224 1407 3287 saint-Demsi
1426 3224 1521 3293 Liege,
1540 3225 1639 3277 devint
1657 3225 1784 3277 moinea

643 3312 832 3364 Saint-Vanne
843 3313 878 3363 de
892 3313 1006 3364 Verdun
1019 3328 1084 3364 sous
1097 3312 1187 3364 l'abbe'
1201 3311 1333 3374 Richard,
1347 3314 1410 3379 puis
1422 3311 1464 3363 iut
1476 3312 1565 3364 choist
1576 3326 1650 3378 pour
1661 3312 1786 3379 premier

642 3398 712 3450 abbe
725 3399 759 3449 de
772 3398 988 3450 Saint-Laurent
998 3402 1014 3449 a
1026 3398 1122 3466 Liege,
1133 3397 1276 3464 prelature
1284 3398 1353 3464 qu'il
1362 3413 1461 3461 exerca
1473 3397 1597 3461 pendant
1607 3399 1786 3450 trente-trois

641 3500 691 3536 ans
703 3493 731 3536 et
743 3485 817 3536 deux
831 3487 914 3551 mois;
929 3486 949 3536 il
963 3495 1077 3536 mourut
1089 3500 1125 3536 en
1136 3485 1245 3551 janvier
1260 3485 1332 3535 1061.
1342 3485 1415 3552 Voy.
1428 3483 1505 3535 Hist.
1518 3484 1571 3536 litt.
1583 3483 1652 3535 dela
1663 3484 1783 3543 France,

641 3570 738 3634 t.V11,
752 3587 799 3638 pp.
814 3573 933 3637 507-508.
1817 3584 1849 3636 ²5

674 3665 684 3703 3
703 3658 744 3710 Le
764 3659 830 3710 trait
850 3676 905 3727 que
927 3667 1040 3711 raconte
1061 3660 1094 3709 ici
1117 3659 1142 3709 la
1167 3658 1318 3725 chronique
1338 3656 1409 3709 n'est
1426 3673 1475 3724 pas
1494 3656 1647 3723 emprunte
1664 3671 1700 3708 au
1724 3655 1787 3707 Vita

644 3744 670 3793 T
666 3744 810 3802 deoderici·
822 3744 888 3797 c'cst
902 3746 1118 3812 probablement
1131 3746 1156 3796 la
1170 3735 1305 3797 tradition
1317 3745 1394 3796 orale
1406 3746 1454 3811 qui
1466 3759 1533 3795 aura
1550 3741 1645 3796 ioumi
1655 3758 1692 3795 au
1703 3744 1790 3797 chro-

641 3831 762 3895 niqueur
777 3848 809 3881 ce
828 3832 937 3883 tableau
955 3832 1032 3898 piein
1051 3831 1192 3883 d’interet.
1206 3830 1253 3883 On
1272 3839 1340 3897 peut
1359 3832 1385 3881 le
1407 3832 1578 3897 rapprocher
1589 3830 1625 3882 de
1637 3838 1682 3882 oet
1693 3837 1790 3894 autre,

643 3914 736 3966 relatis
745 3919 761 3965 a
772 3916 878 3968 Odilon
891 3918 925 3967 de
938 3917 1041 3984 Cluny,
1062 3933 1127 3984 roy.
1142 3916 1252 3968 Leonis
1270 3917 1440 3968 binustcnm
1459 3916 1609 3967 chronicon
1628 3914 1790 3982 casinense,

644 4001 680 4063 ll,
695 4014 725 4065 53
739 4002 861 4065 (Mutus,
877 4002 954 4054 Patr.
968 4003 1041 4064 Lat„
1056 4012 1075 4054 t.
1087 4002 1244 4065 chxssl,
1258 4020 1305 4070 pp.
1320 4003 1369 4065 646
1381 4012 1409 4055 et
1422 4004 1506 4067 suiv.)
1519 4018 1526 4054 ε
1540 4002 1669 4069 peridem
1681 4010 1792 4070 tempas
1822 4019 1856 4070 30

643 4088 755 4139 domnus
769 4088 847 4139 odilo
862 4091 904 4139 uir
920 4088 1075 4139 venerabilis
1092 4091 1160 4139 vitae
1174 4106 1206 4139 ac
1213 4090 1317 4153 santae,
1335 4089 1520 4141 cluniacensis
1533 4087 1649 4140 coenobii
1658 4087 1739 4140 abias
1753 4092 1794 4141 ad

642 4174 689 4225 ltoc
697 4177 888 4226 monasterium
896 4179 941 4238 (sc.
955 4175 1107 4240 casinense)
1120 4177 1202 4225 nimis
1215 4176 1319 4226 deuotus
1330 4178 1454 4232 advenit:
1465 4183 1490 4226 ei
1501 4174 1530 4227 ob
1543 4176 1694 4226 maximam
1703 4191 1792 4243 quatu

643 4264 670 4311 in
682 4260 754 4313 beato
762 4271 838 4329 patre
851 4263 1002 4326 Benedicta,
1014 4270 1093 4330 atque
1100 4278 1151 4329 per
1160 4279 1221 4312 eum
1235 4265 1263 4312 in
1275 4262 1329 4313 loco
1340 4265 1389 4313 isto
1399 4264 1575 4314 reverentiam
1583 4260 1698 4330 gerebat.
1709 4264 1792 4325 pedes

641 4356 754 4398 ›riontcm
767 4357 850 4399 totum
861 4350 988 4402 ascendii.

674 4445 686 4480 ⁴
703 4436 779 4487 Tout
796 4452 827 4487 ce
846 4451 959 4503 passage
977 4437 1012 4486 de
1029 4436 1055 4486 la
1075 4436 1227 4503 Chrom'qae
1244 4446 1286 4487 est
1303 4436 1369 4487 d‘un
1387 4436 1474 4504 grand
1493 4434 1597 4487 interet
1614 4449 1689 4501 pour
1705 4432 1791 4488 l’t'stat
1820 4450 1853 4503 35

643 4520 817 4572 intellectucl
830 4531 858 4572 et
874 4522 1023 4588 artistique
1038 4522 1074 4572 de
1086 4522 1225 4589 l’c'poque.
1240 4522 1335 4589 Voycz
1348 4522 1524 4573 l’utilisation
1536 4522 1687 4590 soignettse
1698 4520 1788 4588 qu'en

642 4615 691 4658 ont
710 4606 774 4657 faite
793 4608 885 4660 l’Hist.
903 4607 955 4659 litt.
974 4609 1004 4657 de
1019 4608 1046 4658 la
1064 4608 1178 4672 Franci,
1193 4610 1261 4661 dans
1278 4609 1402 4675 l'cxpose
1414 4610 1449 4659 de
1460 4593 1562 4659 L'E'iat
1577 4608 1620 4658 des
1631 4606 1737 4659 Leiires
1747 4624 1789 4661 au

643 4693 699 4743 XI·
714 4693 789 4743 sie'cle
806 4700 834 4759 (t.
855 4693 918 4756 vlt,
939 4711 987 4761 pp.
1006 4698 1261 4761 23-24eipass1'm»,
1280 4704 1308 4746 et
1331 4696 1423 4747 iures
1443 4695 1570 4758 Hirtam,
1592 4694 1635 4746 La
1650 4693 1788 4747 Peintm

639 4797 675 4830 au
688 4780 760 4847 l'ays
772 4782 802 4830 de
812 4780 892 4846 Liige
902 4788 927 4830 ci
937 4797 986 4830 sur
997 4781 1033 4831 les
1044 4781 1118 4832 ioris
1130 4784 1160 4831 dc
1171 4783 1197 4833 lu
1210 4782 1311 4836 Mense,
1327 4782 1460 4834 nouvelle
1472 4781 1591 4845 edition,
1604 4780 1692 4850 Liege
1705 4793 1783 4847 1903,

640 4885 687 4935 pp.
699 4882 727 4919 21
743 4879 770 4918 et
783 4869 855 4920 suiv.
1810 4885 1849 4932 4ο

672 4962 681 4998 5
701 4956 780 5006 Cette
792 4954 929 5006 assertion
941 4956 1087 5021 optimiste
1098 4967 1139 5007 est
1153 4955 1310 5007 contreditc
1326 4970 1377 5022 par
1388 4955 1414 5006 la
1431 4956 1504 5006 suite
1521 4954 1684 5008 immediate
1699 4953 1736 5007 de
1753 4953 1781 5008 la

640 5040 790 5107 chronique
801 5048 829 5091 et
842 5055 892 5106 par
903 5039 930 5090 lc
949 5038 1007 5089 Vita
1022 5039 1182 5102 Theoderici,
1198 5053 1236 5105 17.
