4450 6125
901 444 1054 538 Sancti
1088 443 1300 528 Habet-tt.
1594 472 1668 562 177'

534 747 662 808 leretur
688 745 738 807 ira
763 754 798 807 et
821 744 899 807 odio
925 742 1124 805 Theoderici
1151 745 1214 806 hoc
1242 746 1345 808 modo
1370 746 1525 826 ejiciendi
1540 763 1567 823 ²,
1594 750 1673 813 licet

537 849 723 911 reluctante
747 845 955 908 conscientia
975 862 1014 905 ex
1037 844 1162 923 judicio
1184 845 1337 922 rationis,
1360 849 1530 912 consensit
1556 863 1672 914 tamen

534 967 674 1029 operam
689 949 772 1009 dare
787 956 880 1008 tante
899 944 1161 1008 exordinationi.
1188 947 1361 1010 Mandavit
1382 949 1529 1032 denique
1549 953 1674 1015 Amul-

539 1052 607 1130 pho
624 1048 779 1111 bobiensi
793 1047 908 1108 abbati
925 1053 946 1119 ¹,
964 1055 1003 1107 ut
1016 1047 1059 1107 ad
1076 1064 1110 1108 se
1126 1049 1332 1128 quantocius
1351 1050 1483 1114 veniret
1502 1060 1537 1114 et
1556 1071 1675 1114 mona·

489 1161 506 1211 5
536 1153 642 1213 chum
656 1167 760 1212 suum
777 1146 1033 1229 lngobrandum
1052 1164 1168 1209 secum
1188 1148 1381 1211 deduceret.
1401 1152 1594 1215 Deductum
1610 1152 1674 1215 sibi

536 1252 683 1314 liberum
713 1250 808 1313 reddi
839 1249 937 1325 jussit
958 1249 980 1320 ²,
1001 1265 1109 1329 eoque
1134 1252 1301 1328 presente,
1322 1252 1493 1314 ordinavit
1516 1254 1677 1316 abbatem

535 1351 670 1413 ecclesie
696 1349 810 1414 Sancti
840 1349 997 1424 Huberti,
1027 1349 1121 1411 nulla
1151 1351 1320 1430 premissa
1348 1351 1495 1416 fratrum
1526 1355 1675 1437 regulari

538 1452 714 1523 electione,
740 1451 836 1514 nullo
859 1450 997 1532 cognito
1023 1450 1058 1511 in
1084 1469 1125 1511 eo
1151 1451 1274 1513 merito
1301 1455 1510 1517 maturitatis
1534 1466 1568 1519 et
1595 1459 1674 1520 vitc.

541 1552 624 1615 Dein
640 1552 743 1615 missa
758 1553 926 1634 legatione
942 1551 1119 1613 mandavit
1134 1552 1296 1615 iratribus
1311 1572 1345 1615 se
1361 1572 1483 1617 eorum
1498 1568 1531 1619 et
1549 1558 1678 1621 utilita-

489 1678 512 1714 ο
540 1654 631 1717 tibus
648 1665 682 1716 et
702 1654 872 1717 honestati
892 1653 1116 1726 consuluisse,
1140 1653 1290 1714 nobilem
1312 1654 1378 1717 illis
1400 1667 1433 1718 et
1454 1657 1537 1719 satis
1556 1660 1678 1720 huma-

540 1772 624 1816 num
646 1755 805 1816 abbatem
827 1752 1014 1826 ordinasse,
1037 1770 1136 1814 orare
1160 1762 1196 1814 ut
1216 1752 1327 1833 gratia
1350 1755 1402 1815 sui
1425 1756 1552 1817 amoris
1576 1756 1677 1819 illum

539 1856 730 1918 voluntarie
761 1853 1006 1934 susciperent⁶
1039 1854 1172 1935 sibique
1201 1872 1281 1915 cum
1310 1874 1350 1916 eo
1384 1869 1528 1919 venturo
1563 1857 1677 1920 favore

539 1956 653 2020 debito
675 1958 906 2035 procederent.
924 1955 1068 2017 Turbati
1090 1973 1211 2016 omncs
1232 1964 1303 2016 tam
1324 1957 1439 2018 subita
1460 1977 1578 2020 rerum
1602 1978 1677 2039 per-

542 2057 741 2131 mutatione,
777 2075 857 2118 cum
894 2066 971 2136 post
1005 2057 1227 2118 communem
1263 2056 1528 2120 admirationem
1563 2060 1605 2121 ad
1642 2078 1677 2122 se

489 2178 512 2229 ς
540 2158 666 2239 singuli
681 2159 841 2231 redirent,
858 2170 934 2219 tum
946 2158 1092 2238 denique
1106 2160 1314 2238 postpositas
1326 2160 1467 2239 periculi
1480 2162 1677 2222 necessitate

540 2258 628 2338 cepit
661 2259 833 2321 evidenter
868 2276 1043 2336 apparere,
1073 2258 1156 2339 quid
1187 2261 1277 2337 apud
1309 2278 1482 2342 quemque
1512 2262 1677 2323 hactenus

541 2363 696 2444 viguerat
731 2362 867 2423 virtutis
901 2378 1029 2432 amore,
1062 2360 1225 2442 quicquid
1265 2361 1413 2424 latuerat
1448 2363 1678 2424 simulationis

541 2463 672 2524 timore.
691 2462 860 2525 Gravabat
875 2464 965 2522 viros
984 2460 1122 2522 virtutis
1145 2461 1324 2525 inimicum
1339 2461 1358 2500 ὅ
1377 2463 1521 2525 humani
1544 2464 1678 2545 generis

541 2563 724 2625 adversum
747 2579 805 2622 eos
831 2561 877 2622 sic
903 2578 1005 2622 suum
1033 2560 1237 2641 malignasse
1263 2562 1461 2634 consilium;
1493 2562 1679 2625 suscitabat

489 2679 518 2716 ³
542 2681 694 2727 censores
707 2660 846 2724 extincti
862 2661 1016 2740 pudoriS,
1027 2660 1178 2722 affectate
1193 2663 1353 2724 novitatis
1364 2664 1410 2724 sic
1422 2664 1470 2724 eis
1484 2665 1679 2742 provenisse

543 2767 815 2827 emolumentum
829 2775 851 2826 ’.
872 2763 938 2823 lllis
953 2780 1017 2841 pro
1038 2765 1189 2841 pondere
1211 2775 1244 2824 et
1266 2762 1548 2825 existimationes
1562 2782 1679 2825 rerum

542 2869 595 2928 vix
620 2880 693 2929 crat
715 2866 765 2927 vel
787 2864 929 2927 cedendi
952 2864 1044 2925 locus
1069 2864 1122 2925 vel
1149 2864 1349 2926 consulendi
1378 2876 1525 2942 tempus,
1553 2864 1610 2926 alii
1637 2880 1679 2924 ne

542 2970 683 3031 celerius
706 2966 886 3029 excessisse
911 2974 1113 3026 notarentur
1141 2982 1160 3025 a
1195 2965 1374 3026 communi
1410 2965 1577 3027 sententia
1607 2965 1677 3026 sola

542 3072 815 3153 reprimebantur
827 3067 1032 3130 verecundia
1042 3079 1070 3139 ἔ,
1083 3067 1161 3128 licet
1171 3067 1217 3128 sit
1226 3065 1427 3127 difficillima
1439 3065 1454 3104 ⁴
1467 3066 1507 3126 ad
1520 3084 1555 3128 se
1567 3065 1678 3126 celan·

489 3184 498 3229 ι
543 3174 624 3236 dum
650 3170 858 3254 gaudiorum
883 3168 1057 3250 patientia.
1082 3167 1212 3228 Tamen
1235 3166 1367 3228 collecti
1390 3167 1425 3227 in
1452 3184 1573 3239 unum,
1597 3183 1677 3226 cum

571 3372 596 3404 a.
615 3352 735 3405 eiciendi
747 3353 784 3402 A.
797 3381 830 3388 —
847 3350 870 3402 l.
890 3361 1023 3416 superent
1041 3349 1078 3399 A.
1094 3376 1127 3385 —
1144 3364 1167 3400 c.
1189 3346 1292 3411 Consus
1308 3347 1375 3395 dans
1391 3346 1437 3401 A,·
1454 3345 1477 3396 le
1493 3344 1576 3395 scribe
1592 3346 1674 3401 avait,

541 3438 694 3494 semble-til,
708 3440 775 3488 berit
785 3436 890 3487 d’abord
901 3436 1054 3503 proposita.
1067 3464 1097 3489 -,
1118 3434 1143 3485 d.
1163 3434 1277 3485 unicum
1290 3449 1323 3483 ou
1336 3433 1450 3483 imicum
1464 3433 1501 3484 Α.
1514 3461 1547 3470 -
1563 3450 1585 3483 e.
1602 3447 1679 3483 emo·

542 3524 688 3576 limentum
700 3525 738 3575 A.
750 3523 812 3589 -s.
827 3522 1011 3573 extimatione
1023 3521 1059 3571 A.
1074 3549 1106 3558 -
1116 3538 1144 3587 g.
1157 3519 1325 3570 verecondia
1336 3519 1373 3569 Α.
1387 3547 1419 3555 -
1431 3518 1459 3569 Ιι.
1472 3517 1628 3569 dificillima
1639 3518 1676 3570 A.

575 3805 582 3831 ¹
601 3796 722 3859 Amoul,
735 3795 806 3847 abbe
822 3795 857 3845 de
876 3792 997 3854 Lobbes‚
1011 3792 1079 3859 qu'il
1096 3808 1132 3842 ne
1145 3791 1203 3842 faut
1215 3806 1263 3857 pas
1275 3789 1429 3840 conlondre
1441 3804 1508 3838 avec
1519 3803 1562 3838 ses
1575 3789 1679 3836 homo-

489 3900 491 3909 *
544 3899 638 3952 nymes
650 3884 794 3945 cidessus,
806 3883 903 3933 devint
916 3879 987 3932 abbe
999 3895 1048 3946 par
1061 3879 1183 3945 intrigue
1195 3894 1230 3928 en
1247 3878 1322 3941 107-8;
1343 3875 1363 3925 il
1375 3891 1450 3926 cessa
1463 3873 1678 3941 probablement

544 3970 575 4023 de
588 3971 668 4024 l'etre
683 3986 719 4022 en
739 3985 810 4037 1093,
828 3985 875 4021 car
892 3967 1021 4027 Fulcard,
1040 3982 1090 4017 son
1107 3980 1280 4023 successeur,
1296 3972 1339 4013 est
1357 3961 1521 4012 mentionne
1537 3961 1586 4011 des
1603 3968 1678 4010 cette

544 4056 614 4120 date;
629 4058 649 4109 il
662 4074 698 4109 ne
710 4067 824 4109 mourut
837 4063 971 4122 pourtant
982 4069 1037 4120 que
1049 4051 1076 4102 le
1090 4053 1198 4102 1⁰‘a0i1t
1212 4065 1283 4115 1094.
1296 4049 1350 4099 Sur
1361 4065 1390 4099 sa
1402 4047 1512 4099 funeste
1523 4045 1676 4114 prelature,

546 4157 604 4211 voy.
619 4144 781 4204 Burmann,
793 4142 962 4192 Monasticon
973 4137 1050 4205 belga,
1066 4146 1086 4187 t.
1101 4137 1124 4197 1,
1139 4145 1165 4186 2⁶
1178 4137 1253 4196 livr.,
1267 4152 1313 4201 pp.
1328 4149 1377 4185 210
1388 4143 1416 4184 et
1428 4135 1500 4186 suiv.
1664 4198 1666 4202 Ι

575 4235 584 4263 ²
603 4228 644 4280 Le
660 4236 872 4280 consentement
890 4226 925 4276 de
943 4224 1032 4276 l'abbe
1053 4231 1095 4275 est
1116 4223 1272 4273 necessaire
1294 4236 1368 4288 pour
1388 4220 1508 4288 degager
1525 4235 1563 4270 un
1582 4219 1679 4270 deses

547 4313 678 4383 religieux
690 4315 725 4366 de
736 4330 779 4365 ses
791 4313 959 4380 obligations
972 4311 1096 4361 vis-avis
1108 4310 1143 4359 de
1155 4308 1282 4375 l'abbaye
1297 4310 1345 4375 qui
1361 4323 1377 4358 a
1393 4322 1459 4370 recu
1476 4322 1504 4358 sa
1522 4305 1679 4372 profession

546 4405 570 4446 et
580 4414 631 4450 son
645 4415 709 4450 voeu
722 4399 756 4450 de
768 4398 901 4450 stabilite.
914 4396 972 4449 Ctr.
986 4396 1131 4455 cidessus,
1145 4410 1172 4461 p.
1186 4408 1217 4459 97
1232 4411 1239 4446 ι
1253 4396 1416 4460 (episcopus)
1427 4392 1514 4442 abbati
1526 4392 1680 4442 Theoderico

545 4487 606 4551 cepit
617 4485 779 4536 vehementer
791 4488 911 4540 innuere,
927 4492 956 4534 ul
969 4485 1151 4548 Berengerum
1162 4479 1212 4530 sibi
1222 4479 1370 4530 absolutum
1385 4480 1511 4549 redderet.

1512 4590 1557 4647 12
