4450 6125
565 866 639 950 192
768 840 1079 924 cantatorium
1108 845 1201 922 sive
1235 839 1484 921 Chronicon

443 1158 513 1209 ¹095-
560 1143 601 1204 ad
618 1142 798 1221 judicium,
813 1145 1044 1207 necessitatem
1056 1143 1271 1206 imminentis
1283 1142 1455 1205 audientie
1469 1141 1703 1205 destinavitee

559 1261 778 1325 quocumque
804 1245 906 1307 modo
928 1244 1043 1307 vitare.
1071 1244 1167 1307 Unde
1188 1253 1221 1305 et
1243 1245 1319 1306 duci
1342 1244 1385 1306 ad
1408 1260 1442 1304 se
1464 1242 1618 1304 venienti
1638 1244 1704 1305 hoc

560 1343 675 1423 ipsum
691 1344 853 1407 secretius
868 1344 1050 1407 intimavit.
1070 1345 1146 1406 Dux
1165 1362 1256 1417 vero,
1275 1353 1313 1406 ut
1333 1345 1398 1406 hoe
1419 1342 1564 1417 audivit,
1580 1342 1703 1405 callide

560 1445 651 1527 quod
675 1444 817 1507 timebat
834 1445 998 1507 Otbertus
1013 1446 1177 1506 adversus
1194 1461 1274 1507 eum
1294 1445 1498 1526 ingravavit.
1515 1444 1704 1525 dicensque

559 1546 703 1607 eandem
726 1547 937 1608 audientiam
960 1564 1027 1608 non
1049 1546 1161 1608 solum
1183 1564 1244 1627 per
1265 1564 1300 1607 se
1321 1546 1555 1618 avertendam,
1576 1563 1703 1608 verum
1740 1562 1761 1614 -5

559 1664 622 1708 sua
649 1647 850 1711 auctoritate
880 1662 912 1710 ct
940 1649 1141 1710 conductu⁰
1171 1647 1412 1722 roborandam,
1440 1647 1612 1727 compulit
1637 1646 1704 1709 sibi

559 1747 726 1827 duplicari
743 1748 885 1827 pecunie
901 1748 1162 1828 promissionem
1179 1749 1340 1828 primam,
1359 1748 1472 1830 sicque
1489 1747 1706 1830 malignante

560 1848 736 1930 impietate
758 1866 838 1909 cum
860 1848 1003 1910 avaritia
1024 1854 1045 1922 ¹,
1066 1866 1228 1928 oppressa
1253 1856 1305 1910 est
1325 1847 1497 1911 elimande
1514 1845 1528 1887 θ
1547 1848 1706 1911 veritatis

561 1949 782 2029 experientia.
802 1949 889 2010 Nam
908 1967 987 2011 cum
1007 1947 1201 2010 defensione
1222 1949 1317 2012 ducis
1336 1961 1369 2011 et
1392 1950 1563 2011 conductu
1583 1958 1705 2012 tantus

562 2063 703 2132 tamque
722 2051 882 2131 vulgatus
901 2059 1091 2112 conventus
1109 2060 1307 2131 speraretur
1321 2051 1474 2132 agendus
1491 2049 1622 2125 Leodii,
1639 2049 1705 2112 im·
1735 2068 1761 2109 ro

565 2153 715 2215 minente
732 2151 885 2214 natalitio
900 2152 1133 2232 apostolorum
1149 2152 1240 2215 Petri
1255 2162 1288 2214 et
1301 2152 1411 2228 Pauli,
1424 2151 1498 2232 ipsa
1511 2152 1636 2214 eadem
1648 2150 1706 2214 die

563 2272 644 2316 eum
659 2253 783 2315 comite
798 2253 977 2333 arnulpho
992 2270 1026 2315 se
1044 2253 1143 2316 Remi
1158 2252 1315 2316 futurum
1331 2253 1466 2335 publice
1480 2253 1648 2327 condixit,
1666 2264 1707 2316 ut

561 2353 635 2434 ejus
649 2372 789 2417 causam
803 2371 883 2415 cum
900 2354 1117 2434 Raginoldo⁶
1135 2354 1393 2436 archiepiscopo
1408 2362 1534 2436 ageret,
1552 2372 1706 2437 eumque

561 2457 602 2517 de
620 2455 820 2518 Mosomensi
833 2463 953 2530 castro,
966 2456 1057 2536 quod
1070 2455 1269 2518 incenderat
1280 2464 1314 2518 et
1325 2463 1517 2518 vastaverat
1527 2455 1551 2531 ¹,
1564 2474 1706 2519 eoncor-

561 2556 669 2617 daret.
685 2556 780 2617 Dodo
789 2555 984 2637 intelligens
996 2555 1181 2618 Otbertum
1193 2565 1228 2618 et
1241 2557 1363 2618 ducem
1376 2556 1564 2638 cognitioni
1577 2556 1705 2618 discer-
1736 2573 1761 2624 ις

562 2657 671 2718 nende
686 2655 837 2718 veritatis
852 2655 1024 2731 defecisse,
1040 2658 1202 2719 eumdem
1217 2655 1388 2720 deiectum
1398 2657 1513 2720 abbati
1526 2658 1660 2731 retulit,
1673 2668 1706 2720 et

563 2756 633 2835 jam
658 2757 676 2797 ³
703 2757 842 2820 meliora
869 2758 1033 2838 speranti,
1066 2757 1208 2819 maximi
1236 2759 1365 2821 doloris
1392 2759 1520 2821 vulnus
1548 2760 1705 2822 adauxit.

565 2859 681 2941 Neque
695 2859 787 2922 enim
803 2869 940 2920 tantum
957 2875 1020 2937 pro
1034 2876 1068 2919 se
1084 2858 1219 2920 dolebat
1233 2860 1403 2921 subducto
1416 2859 1481 2921 sibi
1499 2858 1574 2921 loco
1588 2859 1706 2924 defen·

563 2960 679 3033 sionis,
699 2971 869 3040 quantum
887 2977 949 3038 pro
968 2959 1023 3019 his
1043 2976 1130 3039 quos
1149 2971 1324 3022 emoverat
1347 2968 1440 3023 tante
1458 2961 1704 3040 expectationi.

564 3061 718 3124 Subinde
731 3080 868 3144 quoque
886 3064 1118 3143 berengerus‘
1132 3062 1236 3126 abbas
1255 3070 1433 3143 assumpto
1452 3062 1566 3144 priore
1585 3061 1704 3126 Sancti
1732 3076 1761 3114 ²⁰

595 3296 621 3328 a.
640 3279 794 3331 conductui
804 3281 842 3331 A.
855 3309 887 3319 -
904 3280 927 3332 l.
946 3280 1117 3332 eliminande
1129 3281 1166 3333 A.
1180 3310 1212 3318 -
1229 3298 1252 3331 c.
1272 3280 1398 3333 rainaldo
1415 3281 1452 3332 A.
1466 3310 1498 3319 -
1516 3282 1542 3334 d.
1561 3282 1650 3334 etiarn
1669 3283 1705 3334 A.

563 3395 595 3403 -
612 3383 634 3416 e.
656 3365 687 3417 B.
706 3366 742 3416 A.

598 3703 605 3730 ¹
626 3696 693 3748 ‹Le
712 3696 743 3749 P.
759 3697 921 3760 Gorrtrver,
940 3698 992 3749 Les
1008 3706 1102 3749 coluter
1119 3700 1149 3748 de
1168 3698 1266 3765 chiny,
1285 3713 1332 3765 pp.
1351 3712 1384 3763 90
1401 3706 1430 3749 et
1447 3698 1533 3762 suiv,
1551 3708 1657 3751 trouve
1673 3713 1705 3750 ce

561 3782 706 3848 jugement
718 3783 822 3851 injuste
834 3800 935 3838 envers
947 3784 974 3836 le
987 3785 1071 3837 heros
1082 3785 1131 3837 des
1143 3784 1301 3837 Croisades.
1314 3784 1433 3836 Comme
1450 3784 1473 3835 si
1491 3782 1653 3838 Godeiroid
1669 3784 1705 3837 de

564 3868 697 3921 Bouillon
714 3872 786 3922 avait
804 3871 849 3922 e'te
867 3871 1051 3938 impeccable;
1071 3886 1182 3923 comme
1194 3872 1227 3933 si,
1241 3886 1276 3922 en
1290 3869 1415 3923 blamont
1427 3885 1465 3921 un
1476 3880 1539 3922 acte
1551 3870 1706 3938 reprelien·
1732 3886 1759 3937 25

563 3956 635 4009 sible
645 3958 680 4009 de
692 3973 724 4010 ce
735 3960 886 4022 chevalier,
906 3961 932 4012 le
950 3962 1143 4028 chroniqueur
1159 3962 1233 4013 avait
1252 3960 1339 4013 voulu
1359 3959 1467 4013 blimer
1483 3957 1654 4013 l'enseuible
1670 3959 1705 4011 de

562 4059 613 4096 son
631 4048 771 4097 caractere
788 4056 816 4097 ct
833 4047 869 4098 de
886 4063 914 4099 sa
931 4048 1074 4101 conduite.
1092 4067 1106 4096 ›
1125 4047 1201 4099 Note
1218 4048 1254 4099 de
1272 4047 1416 4109 Caunum,
1435 4062 1512 4098 ouvr.
1530 4048 1590 4110 citt,
1609 4054 1639 4099 2·
1656 4045 1704 4115 pfl,

563 4146 590 4196 p.
605 4144 645 4195 75.
665 4131 825 4185 L’extrerne
842 4135 982 4201 precision
1000 4135 1035 4186 de
1052 4133 1078 4185 la
1093 4134 1246 4202 chronique
1262 4143 1290 4185 et
1307 4133 1349 4186 les
1365 4132 1467 4185 details
1483 4134 1506 4184 si
1524 4142 1703 4187 exactement

562 4218 683 4272 nuanee‘s
705 4220 742 4271 du
767 4230 899 4274 contexte
926 4238 971 4274 me
996 4221 1147 4284 semblent,
1173 4236 1285 4273 comme
1309 4223 1325 4272 a
1352 4220 1392 4273 M.
1417 4219 1552 4282 Cauchie,
1578 4222 1704 4291 ganntir

561 4303 740 4357 l'exactitude
768 4307 803 4358 de
832 4308 1011 4361 l'accusation
1041 4309 1140 4375 portee
1169 4318 1268 4361 contre
1299 4306 1455 4360 Godeiroid
1486 4306 1523 4359 de
1555 4307 1700 4362 Bouillon.
1727 4319 1756 4371 30

562 4390 701 4456 rljoutons
718 4408 773 4459 que
791 4393 946 4447 Godetroid
964 4396 1035 4447 n'est
1052 4398 1139 4463 guere
1158 4396 1252 4447 mieux
1271 4394 1353 4446 truite
1370 4393 1439 4446 dans
1456 4393 1483 4446 la
1503 4394 1659 4464 chronique
1674 4395 1703 4446 de

561 4475 753 4541 saint-Trond,
774 4480 792 4531 l.
808 4481 840 4544 V,
854 4498 894 4533 cc.
911 4497 920 4533 1
935 4492 964 4535 et
976 4499 1000 4546 4,
1015 4481 1130 4544 MGH,
1145 4481 1208 4544 SS.,
1227 4493 1247 4533 t.
1261 4481 1297 4543 X,
1317 4497 1364 4548 pp.
1378 4494 1423 4545 251
1441 4489 1470 4533 et
1482 4482 1569 4545 suiv„
1587 4482 1618 4534 ni
1634 4482 1702 4534 dam

560 4562 585 4612 la
601 4562 752 4632 Chronique
763 4567 942 4634 ditffltglzcm,
957 4568 1029 4632 ibid,
1045 4580 1064 4620 t.
1079 4568 1129 4629 lx,
1143 4584 1171 4635 p.
1185 4583 1244 4634 415.

594 4658 603 4685 ²
623 4649 677 4704 Les
688 4654 810 4704 Annales
821 4654 1039 4723 illosarrurgenscs,
1052 4656 1088 4707 M
1089 4656 1167 4717 Gli,
1179 4655 1241 4718 SS.,
1253 4664 1273 4707 t.
1288 4654 1339 4718 111,
1353 4669 1381 4722 p.
1398 4654 1453 4717 162,
1467 4662 1606 4722 portent:
1622 4667 1697 4717 1092.

558 4733 679 4785 lucensio
691 4737 806 4789 illosami
815 4749 840 4789 et
850 4742 999 4793 devastatio.
1013 4741 1082 4793 Sans
1093 4742 1181 4794 doute
1193 4740 1303 4810 s’agit-il
1317 4741 1352 4791 ici
1365 4739 1431 4791 d'un
1444 4739 1494 4792 des
1506 4740 1650 4794 incidente
1663 4739 1696 4792 de
1719 4751 1760 4808 ξ

558 4823 583 4874 la
595 4823 697 4892 longue
709 4829 895 4881 contestation
907 4839 988 4881 entre
999 4828 1154 4882 (iodelroid
1166 4830 1201 4881 de
1216 4827 1358 4889 Bouillon,
1377 4826 1478 4880 Albert
1494 4828 1531 4881 de
1542 4827 1654 4882 Namur
1669 4835 1693 4880 et

557 4909 581 4961 T
583 4911 678 4979 hierry
695 4912 731 4963 de
749 4912 872 4975 Verdun,
889 4931 937 4966 sur
955 4916 1076 4984 laquelle
1088 4931 1153 4983 voy.
1168 4915 1436 4976 Vavnnaruunm,
1454 4903 1532 4968 ouer.
1549 4916 1610 4983 eiu,
1623 4922 1644 4970 t.
1658 4897 1701 4978 11,

558 5014 605 5065 pp.
620 5012 666 5064 373
679 5010 708 5051 et
721 5001 794 5053 suiv.
