4450 6125
851 854 1006 936 Sancti
1040 854 1250 938 Habenti.
1595 885 1618 964 7

480 1153 549 1196 tum
573 1154 635 1208 est,
663 1146 840 1198 Ludovico
869 1147 941 1209 Pio,
966 1165 1039 1200 cum
1063 1150 1150 1202 idem
1182 1152 1343 1218 princeps
1371 1152 1621 1204 ecclesiasticis
1643 1159 1773 1211 Transla-

481 1231 581 1284 rebus
606 1233 765 1284 studeret
788 1242 821 1284 et
845 1234 879 1285 in
903 1250 1008 1303 regno
1031 1251 1091 1287 suo
1115 1239 1401 1307 congregationes
1425 1224 1782 1303 sanctorum¹i05·Hu·

481 1321 535 1371 vel
553 1330 775 1372 construeret
794 1321 848 1372 vel
865 1321 948 1373 olim
967 1331 1185 1375 constructas
1198 1324 1389 1391 ampliaret,
1403 1325 1442 1375 ad
1460 1325 1620 1375 hocidem
1661 1292 1749 1425 2333,

482 1406 647 1474 agendum
672 1407 829 1474 exemplo
852 1423 912 1460 suo
937 1407 1145 1461 informabat
1173 1419 1205 1461 et
1229 1412 1415 1463 civitatum
1440 1409 1622 1478 pontifices
1746 1401 1752 1413 ’

438 1500 451 1550 5
482 1503 514 1544 et
544 1494 802 1561 provinciarum
833 1496 1022 1562 principes.
1056 1497 1193 1550 Interea
1221 1500 1343 1550 clerici
1373 1497 1506 1565 pretate
1535 1496 1623 1549 celle

483 1581 574 1633 beati
592 1581 758 1649 Beregisi,
777 1598 850 1633 cum
868 1583 932 1648 jam
952 1599 1039 1650 pene
1057 1584 1254 1647 delicerent,
1275 1586 1439 1652 utpotein
1452 1594 1517 1637 tam
1531 1592 1623 1636 vasta

481 1688 513 1729 et
535 1676 652 1728 sterili
673 1678 811 1729 heremo
833 1678 1021 1729 constituti
1036 1686 1055 1740 ¹,
1077 1684 1216 1752 accepta
1230 1675 1402 1736 occasione
1417 1673 1481 1735 sibi
1502 1690 1623 1735 consu·

483 1773 585 1849 leodi,
611 1774 653 1835 ad
681 1772 920 1836 Gualcaudum
947 1774 1170 1837 Lcodiensem
1193 1775 1392 1855 episcopum
1415 1792 1450 1836 se
1471 1775 1624 1836 contule-

483 1883 575 1947 runt,
599 1883 633 1934 ct
656 1875 832 1955 quomodo
857 1874 1054 1954 predictum
1079 1876 1194 1937 locum
1221 1893 1342 1938 eorum
1367 1875 1483 1936 divina
1510 1874 1624 1954 provi-

437 1993 453 2028 0
481 1976 598 2037 dentia
619 1976 786 2056 elegisset,
814 1994 968 2057 quasque
994 1977 1029 2037 in
1051 1995 1091 2038 eo
1113 1985 1315 2055 paterentur
1335 1976 1552 2038 necessitates
1573 1974 1623 2035 illi

483 2078 686 2138 retulerunt.
712 2078 852 2138 Letatus
873 2076 930 2138 ille
954 2095 989 2138 se
1011 2078 1181 2139 invenisse
1204 2078 1499 2158 opportunitatem
1520 2076 1623 2137 saluti

481 2196 541 2241 sue
570 2178 787 2259 providendi,
818 2179 845 2239 si
874 2181 909 2238 in
937 2180 1056 2240 eodem
1094 2179 1166 2240 loco
1195 2179 1419 2241 collaboraret
1455 2176 1624 2239 voluntati

481 2280 608 2352 divine,
633 2288 824 2339 omnimoda
843 2287 1041 2338 intentione
1066 2288 1098 2338 id
1120 2288 1316 2355 exequendi
1334 2303 1446 2338 curam
1465 2285 1625 2351 concepit

482 2390 513 2431 et
536 2381 677 2447 juvante
699 2380 768 2432 Deo
789 2382 821 2432 in
846 2390 1041 2447 presentem
1065 2390 1191 2432 statum
1212 2382 1405 2433 suscitavit.
1430 2380 1513 2431 Nam
1537 2396 1625 2432 com-

431 2486 453 2534 15
483 2485 614 2528 mutato
632 2477 752 2528 ordine
770 2476 940 2539 clericali,
961 2486 1052 2531 anno
1078 2469 1253 2531 Dominice
1281 2469 1527 2530 lncarnationis
1551 2466 1622 2548 817,

484 2570 552 2631 llll⁰
567 2571 646 2631 idus
667 2573 805 2653 augusti
821 2572 843 2647 ²,
868 2570 904 2631 in
925 2571 980 2631 die
1002 2569 1107 2631 sancti
1133 2570 1305 2631 Laurentii
1329 2569 1492 2642 martiris,
1514 2591 1624 2627 mona-

483 2670 621 2719 chorum
652 2669 698 2721 ibi
730 2669 932 2738 religionem
960 2670 1185 2730 constituitss,
1210 2669 1391 2735 dispositis
1417 2670 1466 2721 eis
1493 2684 1625 2736 posses-

485 2756 644 2808 sionibus
667 2766 699 2807 et
724 2757 886 2824 legaliter
911 2755 1123 2809 confirmatis
1147 2755 1180 2806 in
1203 2765 1375 2822 posterum
1399 2772 1462 2823 que
1487 2755 1625 2807 sulfice-

486 2860 561 2903 rent
582 2852 700 2904 usibus
721 2852 768 2904 ibi
793 2851 862 2903 Deo
885 2852 1171 2903 deservientium.
1195 2844 1432 2906 constitutum
1451 2852 1502 2905 est
1519 2843 1625 2905 etiam

431 2966 460 3003 20
486 2965 525 3008 ex
558 2948 735 3009 communi
768 2948 914 3022 decreto,
946 2956 986 3009 ut
1013 2947 1055 3008 de
1084 2945 1274 3008 redditibus
1303 2944 1530 3006 donationum
1558 2962 1625 3025 que

485 3046 569 3111 facte
602 3048 736 3111 fuerant
769 3049 866 3110 beato
899 3047 1057 3130 Bercgiso
1071 3046 1095 3124 1,
1127 3048 1170 3109 ab
1197 3065 1318 3109 eorum
1347 3047 1626 3126 procuratoribus

484 3151 526 3211 ad
554 3151 669 3211 locum
693 3150 809 3229 ipsum
831 3148 1024 3211 deferretur
1045 3149 1079 3209 in
1102 3150 1223 3210 eadem
1248 3148 1301 3209 die
1327 3148 1507 3210 annuatim
1532 3148 1625 3209 obla-

516 3366 543 3400 a.
563 3348 642 3398 Dans
654 3350 691 3410 A,
704 3349 841 3399 aa-dessus
853 3350 883 3398 de
896 3348 1061 3412 con(stituit)
1074 3361 1081 3397 τ
1095 3347 1157 3399 sub.
1172 3376 1204 3384 —
1221 3346 1244 3397 b.
1265 3346 1408 3414 Beregisio
1420 3346 1457 3398 A.

485 3617 546 3679 SS,
557 3629 576 3668 t.
589 3617 627 3668 1⁶r
637 3618 672 3669 de
682 3633 759 3680 nov,
771 3634 797 3684 p.
809 3620 857 3669 818
868 3618 913 3681 B);
925 3618 1059 3669 l’activite
1068 3617 1103 3668 de
1112 3616 1248 3667 Walcaud
1260 3631 1296 3667 en
1309 3615 1404 3667 iaveur
1416 3616 1453 3666 du
1467 3618 1626 3667 monastero

431 3721 455 3771 ²5
483 3706 556 3756 avait
577 3704 740 3756 commence'
761 3705 1000 3755 ante'rieurement
1022 3719 1029 3753 ε
1051 3703 1233 3754 l'institution
1255 3703 1304 3753 des
1324 3703 1430 3752 moines
1450 3710 1499 3752 eut
1519 3701 1576 3752 lieu
1597 3701 1624 3752 le

488 3806 516 3841 ro
527 3793 594 3842 aot‘rt
603 3793 661 3856 817,
675 3790 729 3841 elle
742 3790 809 3841 etait
821 3790 982 3841 elle-meme
993 3789 1018 3840 le
1028 3799 1253 3841 couronnemcnt
1265 3788 1389 3839 d'efforts
1397 3787 1535 3855 auxquels
1543 3803 1558 3839 a
1566 3791 1624 3839 tres

486 3878 550 3928 bien
568 3894 605 3944 pu
625 3877 768 3928 s'associer
787 3877 813 3927 le
831 3893 902 3943 pape
922 3876 1001 3927 Leon
1021 3876 1062 3926 lll
1081 3876 1193 3942 (18161,-
1214 3875 1239 3926 la
1258 3878 1354 3927 charte
1372 3873 1448 3926 enfin
1466 3891 1502 3926 no
1520 3873 1563 3926 iut
1575 3890 1624 3942 pas

483 3964 624 4031 octroyee,
639 3979 852 4030 croyons-nous,
866 3971 951 4013 avant
963 3965 1010 4027 825
1022 3980 1028 4014 :
1040 3979 1141 4013 morosa
1152 3970 1240 4012 tamen
1250 3962 1359 4012 consilia
1370 3969 1394 4012 ct
1403 3964 1492 4028 sepius
1503 3963 1627 4012 ventilata

487 4050 586 4099 indicta
595 4051 620 4098 ei
627 4050 782 4110 conditione,
793 4064 858 4115 voy.
872 4049 1038 4109 ci-dessous,
1053 4064 1076 4100 c.
1090 4064 1105 4110 4
1112 4065 1120 4109 ,·
1131 4048 1167 4101 G.
1179 4047 1274 4099 Kurth
1283 4063 1415 4114 propose‚
1427 4063 1462 4099 au
1475 4049 1624 4109 contraire,

431 4152 459 4201 to
486 4152 559 4202 pour
571 4136 597 4187 la
609 4139 714 4197 charte,
729 4136 754 4186 la
764 4137 828 4186 date
840 4138 898 4201 817,
916 4136 1028 4186 Charias
1039 4137 1069 4185 da
1080 4134 1194 4202 l'ahbaya
1208 4137 1238 4185 da
1251 4134 1458 4195 Sami-Hubert,
1474 4144 1493 4187 t.
1515 4138 1535 4197 l,
1554 4152 1581 4201 p.
1599 4151 1625 4197 4.

521 4230 528 4257 ¹
548 4222 722 4289 Remarquer
739 4223 765 4273 la
782 4223 950 4291 divergence
969 4231 1049 4273 entre
1067 4222 1092 4272 la
1113 4222 1264 4289 Chronique
1281 4231 1309 4272 et
1327 4222 1353 4272 le
1369 4220 1521 4271 Translatia
1532 4221 1628 4271 Sancti

484 4309 604 4361 Haberti
622 4311 706 4362 d’une
726 4320 788 4377 part
808 4319 836 4361 et
857 4311 892 4361 de
915 4309 1014 4360 l'autrc
1034 4310 1060 4360 le
1084 4308 1143 4358 Vita
1162 4310 1291 4374 Beregisi,
1312 4319 1344 4358 11ο
1365 4322 1397 4358 20
1418 4323 1425 4358 ε
1446 4307 1533 4358 lacum
1553 4308 1626 4358 iuna

485 4398 524 4458 (A
530 4398 673 4462 ndainam)
682 4398 792 4446 diversis
801 4396 952 4447 utilitatum
961 4397 1105 4462 affluentiis
1116 4397 1264 4462 opinatum
1268 4396 1409 4462 pervidens
1416 4395 1435 4455 (
1440 4393 1624 4461 Walcaudus),

486 4482 594 4533 nullum
611 4486 638 4533 in
654 4486 781 4549 episcopia
794 4500 843 4549 pra
860 4485 942 4533 tantis
958 4481 1180 4548 oportunitatibus
1195 4482 1392 4543 conferendum,
1409 4488 1434 4531 et
1444 4481 1481 4531 ad
1489 4481 1546 4543 hac,
1559 4482 1628 4549 quad

431 4584 455 4634 15
486 4568 614 4635 cupiebat,
636 4576 690 4619 tam
704 4570 840 4636 ydoneum
860 4586 912 4619 esse
926 4570 1073 4633 judicavit.
1085 4607 1107 4618 ..
1118 4584 1125 4628 ;
1148 4567 1329 4634 l'optimisme
1349 4567 1384 4618 de
1404 4577 1478 4619 cette
1497 4569 1627 4619 derniere

487 4657 601 4707 version
613 4666 655 4708 est
667 4656 809 4708 d'ailleurs
821 4657 960 4708 contredit
976 4672 1025 4722 par
1038 4656 1063 4706 le
1076 4664 1209 4707 contexte
1222 4656 1314 4705 meme
1325 4654 1363 4705 du
1382 4653 1441 4705 Vita
1452 4657 1582 4721 Beregisi.

522 4750 531 4776 ²
550 4741 632 4793 Cette
650 4742 713 4793 date
729 4743 764 4794 de
780 4742 964 4794 l'institution
980 4742 1029 4793 des
1046 4742 1155 4792 moines
1173 4744 1189 4791 'a
1208 4741 1333 4809 Andage‚
1353 4741 1380 4791 lc
1391 4742 1582 4808 chroniqueur
1593 4758 1629 4792 ne

488 4827 524 4879 l’a
536 4828 653 4879 trouvee
667 4830 695 4879 ni
707 4829 776 4880 dans
788 4828 815 4879 le
830 4828 982 4880 Translatia
995 4828 1091 4879 Sancti
1101 4827 1229 4891 Huberti,
1243 4828 1272 4877 ni
1285 4826 1353 4878 dans
1364 4842 1456 4879 aucun
1467 4835 1547 4879 autre
1559 4827 1631 4879 ecrit

489 4918 504 4965 a
517 4924 599 4964 notre
612 4916 817 4968 connaissance.
