4450 6125
617 869 637 919 2
826 838 1139 919 Cantatorium
1168 842 1261 917 siae
1297 836 1547 917 Chronicon

468 1145 594 1196 Historia
613 1132 807 1194 devenerat.
843 1139 911 1190 Hec
931 1149 976 1178 ⁴²¹
1007 1156 1088 1209 gens
1118 1141 1170 1193 diu
1205 1140 1389 1192 inaccessis
1411 1137 1585 1190 montibus
1613 1140 1756 1199 seclusa,

462 1211 595 1329 ὛθέἆῙῙῙῧν
613 1240 763 1297 tempore
792 1233 948 1286 Valentis
979 1236 1199 1301 imperatoris
1228 1235 1409 1300 repentina
1439 1233 1532 1286 rabie
1561 1232 1756 1286 Gothorum

490 1318 520 1329 '⁶
571 1318 577 1331 '
614 1327 720 1369 terras
738 1320 878 1382 invasit,
897 1330 929 1372 et
948 1337 1005 1372 rex
1029 1337 1148 1373 eorum
1173 1321 1331 1382 Filimer,
1354 1329 1432 1372 ante
1450 1336 1522 1372 cum
1546 1319 1672 1372 Gothis
1695 1319 1757 1373 Ge·

614 1405 722 1456 thicas
748 1414 780 1457 et
808 1406 951 1459 Sciticas
975 1417 1087 1460 terras
1116 1409 1306 1477 ingressus,
1336 1407 1490 1473 repperit
1522 1405 1569 1457 ibi
1596 1407 1757 1474 quasdam

615 1506 732 1559 magas,
751 1508 834 1558 quas
852 1493 1039 1546 alirumnas
1061 1495 1195 1556 dicunt,
1221 1502 1253 1545 et
1276 1509 1330 1545 eas
1351 1501 1526 1559 suspectas
1550 1491 1678 1545 habens
1699 1508 1758 1560 per
1802 1515 1817 1567 5

614 1576 823 1629 solitudines
850 1578 980 1647 fugatas
1003 1580 1217 1632 exturbavit.
1243 1579 1324 1631 Cum
1353 1580 1419 1630 hiis
1445 1578 1627 1630 silvestres
1650 1581 1756 1631 homi·

614 1677 685 1724 nes,
705 1678 787 1730 quos
812 1663 930 1717 faunos
951 1665 1091 1718 ficarios
1108 1667 1240 1727 dicunt,
1267 1675 1443 1729 coeuntes,
1469 1667 1531 1717 hoc
1547 1680 1652 1732 genus
1671 1664 1758 1718 lero·

614 1749 785 1800 cissimum
809 1752 898 1801 inter
925 1750 1095 1803 Meotidas
1122 1751 1262 1818 paludes
1283 1759 1492 1819 genuerunt,
1517 1750 1606 1818 quod
1629 1758 1756 1801 tetrum

614 1844 645 1886 et
669 1836 773 1898 exile,
794 1839 849 1888 vix
873 1840 1047 1889 humanam
1071 1838 1261 1906 ymaginem
1281 1846 1536 1904 representans,
1556 1836 1757 1889 videntibus

614 1937 649 1972 se
681 1923 821 1973 nimium
856 1923 1036 1992 ingerejbat
1074 1933 1240 1976 terrorem
1281 1923 1397 1974 vultus
1435 1924 1485 1973 sui
1524 1924 1684 1986 horrore,
1720 1937 1758 1974 eo
1788 1940 1821 1977 10

615 2010 701 2075 quod
720 2019 808 2060 esset
826 2010 987 2062 deformis
1008 2020 1039 2062 et
1057 2012 1246 2063 execrande
1268 2011 1475 2078 nigredinis.
1499 2009 1652 2061 Maribus
1673 2025 1758 2079 gene

615 2094 856 2146 desecanturb
894 2106 1071 2164 antequam
1105 2098 1291 2159 lactentur,
1328 2105 1362 2147 ut
1395 2096 1458 2164 jam
1494 2104 1573 2148 tunc
1608 2096 1759 2149 tolerare

615 2180 765 2234 laborem
804 2192 984 2250 cogantur3
1026 2183 1132 2236 torma
1170 2185 1304 2252 quidem
1346 2184 1476 2252 exigui,
1514 2183 1572 2234 sed
1608 2184 1759 2237 motibus

616 2270 726 2335 arguti
750 2277 782 2320 et
803 2270 955 2335 expediti
976 2279 1076 2338 atque
1097 2271 1135 2322 ad
1156 2270 1376 2338 equitandum
1397 2271 1662 2337 promptissimi,
1689 2287 1758 2323 sca·

616 2354 706 2422 pulis
724 2355 804 2407 latis
824 2365 856 2407 et
874 2357 912 2408 ad
929 2373 1064 2409 arcuum
1084 2359 1319 2409 curvationem
1342 2365 1375 2408 et
1398 2356 1627 2426 sagittandum
1652 2359 1756 2424 periti
1789 2367 1817 2417 ις

616 2442 810 2494 cervicibus
835 2442 949 2494 firmis·
965 2451 998 2493 et
1019 2458 1151 2509 semper
1172 2442 1332 2509 superbia
1353 2442 1494 2503 erectis,
1516 2443 1646 2493 animos
1669 2441 1758 2494 lero-

615 2539 771 2590 cissimos
806 2538 971 2591 habentes
1005 2548 1037 2590 et
1077 2538 1217 2591 beluino
1257 2553 1347 2589 more
1382 2539 1552 2589 viventes.
1584 2528 1639 2591 Hii
1675 2547 1756 2592 cum

614 2635 736 2696 Athala
763 2653 841 2715 rege
867 2654 929 2696 suo
953 2636 1067 2696 divine
1095 2634 1244 2696 vindicte
1273 2635 1423 2710 jussibus
1448 2646 1459 2673 ὃ
1489 2633 1753 2706 subservientes,

614 2736 699 2796 dum
732 2734 921 2797 Galliarum
954 2737 1056 2796 urbes
1082 2745 1116 2796 et
1140 2735 1277 2797 castella
1302 2736 1405 2797 simul
1433 2746 1468 2797 et
1495 2734 1652 2797 ecclesias
1680 2751 1754 2796 vas·

614 2845 737 2908 tarent,
762 2837 824 2897 hoc
849 2854 986 2916 quoque
1008 2844 1159 2896 castrum
1181 2835 1215 2895 in
1239 2836 1386 2898 transitu
1410 2854 1474 2898 suo
1494 2838 1751 2899 subverterunt.
1784 2860 1818 2899 ιο

497 2942 564 3008 687?
615 2935 842 3000 Temporibus
871 2942 980 2986 autem
1012 2933 1121 3000 Pipini
1152 2942 1177 2996 ²,
1214 2936 1270 3001 qui
1305 2935 1410 3001 maj0r
1444 2935 1562 2986 domus
1590 2943 1663 2986 erat
1691 2937 1755 2989 sub

499 3029 563 3080 Vita

464 3097 599 3228 Βεῐξξιεὴ
648 3159 674 3191 a.
694 3141 774 3191 Dans
793 3141 831 3195 Α,
857 3140 917 3191 Hec
936 3156 1005 3209 gens
1022 3169 1138 3180 ---
1159 3141 1360 3194 subverterunt
1381 3144 1451 3192 vient
1469 3145 1547 3209 apris
1566 3142 1758 3209 Temporibus

615 3236 708 3280 autem
729 3257 761 3265 -
771 3256 800 3265 -
812 3256 844 3265 -·
866 3227 983 3279 fluvium
1009 3227 1158 3290 Lumnam‚
1181 3231 1250 3278 anais
1269 3230 1312 3279 des
1334 3229 1453 3279 lettrines
1474 3228 1638 3280 ritablissent
1660 3229 1759 3281 l'ordre

614 3332 715 3365 romine
728 3316 853 3365 ci-dessus
872 3333 882 3364 .·
900 3314 923 3364 le
939 3320 1050 3383 passage
1068 3315 1166 3381 relatis
1177 3333 1233 3365 aux
1249 3316 1334 3366 Huns
1348 3319 1412 3366 erait
1424 3320 1556 3385 peut-itte
1569 3334 1600 3367 en
1617 3319 1759 3370 unledans

614 3401 753 3468 l’onginnl
770 3403 801 3451 de
817 3401 843 3451 la
867 3402 1026 3469 Chroniquc,
1046 3410 1071 3452 et
1095 3403 1119 3453 le
1139 3406 1233 3469 copiste
1254 3404 1304 3455 d'A
1325 3403 1414 3454 l'aura
1431 3404 1489 3454 nial
1503 3406 1633 3455 introduit
1649 3407 1718 3457 dans
1735 3407 1759 3458 lc
1791 3424 1824 3475 25

615 3496 690 3539 texte.
704 3517 736 3526 -
753 3487 776 3538 b.
790 3490 966 3540 desiccantur
984 3497 1041 3539 tous
1058 3489 1093 3539 les
1109 3492 1290 3545 rrrnnuscrds:
1303 3492 1334 3554 jc
1348 3494 1450 3558 corrige
1465 3509 1496 3542 en
1516 3492 1693 3556 desecantur,
1712 3510 1761 3545 car

615 3574 638 3624 le
653 3582 720 3624 texte
736 3576 766 3624 de
782 3573 927 3624 l'Hr'storia
941 3574 1065 3625 Miscella
1082 3583 1106 3625 et
1121 3575 1191 3625 celui
1206 3577 1237 3625 dc
1247 3575 1380 3639 Jordanes
1394 3582 1500 3645 portent
1516 3595 1526 3627 .·
1543 3577 1668 3629 maribus
1684 3578 1761 3632 terro

614 3677 699 3729 genas
707 3669 805 3716 secant,
816 3669 847 3711 ut
855 3670 920 3713 ante
931 3677 1014 3728 quam
1028 3662 1108 3713 lactis
1120 3663 1294 3714 nutrimenta
1306 3664 1473 3729 percipiant,
1484 3663 1609 3715 vulneris
1622 3675 1761 3733 cogantur

616 3748 711 3798 subire
724 3748 911 3799 tolerantiam.
922 3778 952 3786 -
962 3766 985 3798 c.
996 3749 1080 3800 nibus
1091 3765 1125 3798 ou
1138 3750 1221 3800 iubus
1233 3751 1257 3799 Α
1267 3766 1279 3804 ;
1291 3750 1399 3801 viribus
1411 3751 1449 3807 Α,
1463 3758 1487 3800 et
1498 3752 1556 3819 143:
1567 3752 1692 3818 jussibus
1701 3755 1761 3812 it„-

617 3834 831 3885 necessitatibus
843 3834 879 3884 M
880 3834 946 3885 GH.
1793 3856 1830 3906 30

652 4194 658 4220 ¹
678 4185 719 4236 Le
736 4201 849 4254 passage
866 4184 961 4236 relatis
974 4201 1029 4238 aux
1044 4187 1126 4239 Huns
1143 4197 1185 4239 est
1201 4191 1303 4240 extrait
1321 4189 1473 4243 librement
1489 4192 1524 4243 de
1536 4192 1562 4242 la
1575 4193 1761 4259 compilation

615 4271 674 4321 dite
686 4271 812 4322 Historia
823 4270 956 4326 illiscclla,
972 4270 991 4321 1.
1006 4271 1069 4336 XII,
1083 4271 1205 4340 laquelle
1221 4274 1392 4342 l’emprunte
1409 4276 1570 4328 elle-meme
1584 4278 1761 4344 aJordanes,

617 4358 660 4407 Dc
671 4360 773 4423 origine
783 4356 933 4424 actibusque
947 4356 1085 4415 Getarum,
1102 4376 1126 4412 c.
1141 4375 1181 4423 24.

651 4451 661 4477 ²
681 4442 768 4509 Pe'pin
785 4443 939 4504 d'Herstal,
955 4446 1042 4497 maire
1059 4447 1096 4497 du
1115 4446 1201 4512 palais
1217 4463 1282 4499 sous
1299 4447 1420 4515 Thierry
1437 4448 1489 4501 ΙΙΙ.
1509 4449 1548 4501 La
1561 4449 1625 4501 date
1637 4450 1696 4516 687,
1710 4455 1761 4519 qui

616 4540 658 4580 est
672 4529 883 4595 explicitement
901 4530 1041 4583 attribuee
1060 4548 1109 4598 par
1126 4533 1152 4583 le
1171 4534 1295 4599 dipldme
1313 4537 1475 4601 apocryphe
1492 4539 1508 4586 a
1526 4535 1553 4586 la
1564 4535 1710 4589 fondation
1722 4540 1761 4592 de
1790 4552 1826 4605 35

617 4614 716 4681 Pepin,
734 4614 795 4665 l’est
812 4614 1027 4680 implicitement
1044 4634 1094 4684 par
1110 4618 1136 4669 la
1155 4619 1306 4686 Clarom'que
1325 4622 1386 4686 (per
1397 4637 1480 4670 annos
1489 4621 1547 4682 fere
1559 4628 1683 4673 trecentus
1694 4623 1759 4688 (lire

615 4702 747 4763 ducentos)
771 4704 883 4766 triginta
906 4711 1000 4765 septem
1021 4705 1187 4760 desertum:
1207 4705 1262 4756 elle
1283 4715 1325 4756 est
1346 4707 1488 4758 d¹ailleurs
1511 4708 1704 4761 inadmissible
1728 4721 1759 4763 et

614 4790 674 4840 doit
698 4792 757 4841 etre
782 4789 937 4854 remplace'e
961 4807 1010 4856 par
1035 4808 1089 4842 une
1112 4792 1162 4843 des
1185 4795 1339 4858 premieres
1362 4796 1465 4845 annees
1493 4795 1530 4845 du
1555 4795 1636 4846 Vlll⁶
1659 4797 1757 4853 siecle.

617 4878 685 4944 Voy.
694 4876 729 4929 G.
743 4876 860 4937 KURTH,
871 4876 921 4927 Les
931 4880 1060 4943 premiere
1071 4877 1159 4928 siicles
1171 4881 1200 4928 dc
1211 4879 1325 4947 l'abhnye
1338 4882 1367 4931 dc
1379 4880 1586 4944 saint-Hubert,
1601 4897 1628 4949 p.
1646 4897 1686 4945 14.
