4450 6125
937 885 1091 966 Sancti
1121 883 1331 967 Habenti.
1634 923 1709 975 211

575 1176 817 1258 archiepiscopo
845 1179 1001 1240 Remensi
1027 1196 1207 1249 concessus,
1233 1177 1422 1258 judicatum
1456 1189 1511 1258 est,
1542 1188 1650 1263 ipsum
1675 1190 1716 1250 ab

575 1280 689 1341 abbate
713 1298 774 1341 suo
797 1281 1117 1340 excommunicatum
1142 1298 1217 1350 esse,
1246 1299 1303 1340 nec
1327 1282 1367 1342 ab
1391 1282 1541 1362 episcopo
1565 1287 1716 1350 Remensi

574 1381 714 1444 retineri
733 1399 834 1456 posse.
856 1379 992 1454 Judicio
1005 1379 1106 1456 finito
1121 1393 1146 1454 ⁰,
1171 1381 1351 1459 sepedictus
1376 1387 1554 1447 monachus
1579 1390 1715 1450 minime

574 1481 740 1561 adquieuit
752 1485 793 1551 et,
811 1486 847 1541 ut
862 1479 1017 1551 pluribus
1032 1480 1172 1549 videtur,
1186 1499 1325 1559 querens
1339 1485 1539 1545 occasionem
1555 1489 1713 1565 vagandi,

534 1604 549 1659 ς
576 1583 776 1662 pregravari
787 1599 821 1641 se
835 1581 931 1651 dixit,
948 1584 978 1640 et
999 1580 1204 1640 audientiam
1226 1586 1365 1642 vestram
1389 1585 1589 1646 reclamavit.
1611 1586 1714 1660 Quem

575 1702 650 1745 cum
685 1683 950 1760 archiepiscopus
983 1681 1122 1746 retinere
1153 1681 1245 1741 vellet
1275 1686 1304 1743 et
1334 1684 1443 1744 abbati
1473 1703 1534 1746 suo
1569 1687 1713 1761 reddere,

574 1790 708 1862 propter
736 1783 1002 1845 reclamationem
1032 1788 1171 1843 uestram
1204 1783 1343 1843 liberum
1372 1787 1524 1863 permisit
1555 1788 1613 1850 ire.
1647 1790 1716 1863 Qui

575 1884 691 1947 illicet
713 1886 756 1944 ad
778 1904 837 1946 nos
858 1888 996 1954 veniens,
1015 1884 1066 1943 rei
1078 1889 1168 1962 geste
1188 1885 1304 1944 seriem
1325 1886 1418 1948 nobis
1436 1890 1614 1961 nuntiavit,
1632 1895 1714 1952 etex

572 1987 643 2067 ejus
666 1987 822 2048 relatione
843 1986 1022 2047 didicimus
1038 1982 1128 2064 juste
1152 2004 1225 2045 eum
1251 2005 1342 2063 posse
1367 1990 1516 2049 revocari
1538 1991 1578 2051 ab
1599 1991 1712 2052 abbate

517 2109 547 2150 :o
573 2089 716 2171 Majoris
742 2089 950 2150 Monasterii.
978 2087 1162 2149 Nunciaoit
1186 2088 1284 2147 etiam
1311 2088 1404 2149 nobis
1429 2108 1491 2167 pro
1519 2089 1712 2167 hujusmodi

571 2194 703 2272 negotio
718 2192 876 2271 quosdam
884 2190 1011 2268 fratres
1027 2187 1171 2266 Maioris
1189 2186 1389 2250 Monasterii
1405 2192 1448 2250 ad
1465 2210 1524 2252 nos
1545 2199 1708 2269 uenturos,

569 2298 599 2355 et
618 2294 712 2354 nobis
739 2290 952 2370 offerentibus
975 2295 1011 2350 ut
1031 2309 1093 2367 pro
1115 2308 1177 2350 sua
1202 2291 1478 2352 commendatione
1502 2293 1551 2353 oet
1576 2297 1709 2356 restitu-

571 2396 666 2465 tione,
683 2395 713 2454 si
721 2392 801 2471 fieri
816 2396 931 2469 posset,
949 2409 1001 2451 eos
1014 2395 1206 2469 expectaret,
1224 2391 1387 2450 sustinere
1402 2391 1520 2465 noluit,
1538 2398 1567 2453 et
1582 2412 1601 2452 a
1617 2394 1709 2456 nobis

570 2496 731 2556 abscessit.
769 2495 830 2554 Die
865 2499 973 2554 autem
1004 2494 1105 2554 tercio
1137 2497 1209 2569 post
1239 2490 1310 2568 ejus
1342 2493 1535 2566 abscessum,
1568 2498 1709 2556 domnus

523 2619 545 2670 5
572 2595 752 2674 Hitgotdus
768 2595 933 2674 quondam
946 2594 1191 2655 Suessionensis
1201 2593 1210 2618 ¹
1221 2594 1390 2671 episcopus
1405 2598 1434 2653 et
1448 2591 1556 2669 frater
1568 2595 1710 2657 Pontius

572 2701 672 2758 vester
693 2697 857 2774 quondam
881 2700 987 2760 notus.
1006 2694 1200 2770 Rodutplcus
1218 2694 1229 2720 ²
1247 2712 1375 2772 quoque
1395 2695 1562 2756 Remensis
1583 2698 1710 2757 ecclesie

570 2799 753 2874 prepositus
778 2797 820 2855 ad
846 2814 904 2856 nos
931 2796 1103 2868 uenientes,
1128 2812 1196 2854 rem
1219 2797 1345 2872 gestam
1369 2794 1459 2854 nobis
1481 2814 1540 2872 per
1560 2795 1708 2856 ordinem

570 2903 801 2970 narraverunt,
817 2903 846 2958 et
865 2917 903 2957 ex
923 2903 1016 2973 parte
1029 2896 1197 2957 Remensis
1218 2891 1455 2974 archiepiscopi
1475 2897 1600 2957 litteras
1615 2897 1708 2957 obtu-

571 2999 678 3059 lerunt
706 2999 917 3075 obsecrantes,
950 3003 987 3058 ut
1014 3003 1129 3058 nostro
1158 2997 1297 3058 consitio
1324 2996 1466 3058 atterum
1496 2997 1643 3057 abbatem
1675 2999 1709 3057 in

517 3126 545 3161 3
568 3102 696 3174 ecclesia
721 3101 803 3161 beati
826 3101 974 3177 Remigii
998 3101 1063 3160 sibi
1086 3100 1243 3159 ordinare
1266 3097 1389 3171 liceret,
1414 3119 1453 3158 ne
1475 3100 1707 3160 detrimentum

567 3206 731 3278 pateretur
747 3203 778 3261 si
794 3202 854 3262 diu
874 3206 997 3261 rectore
1017 3205 1151 3261 careret.
1179 3199 1275 3272 Quod
1295 3200 1427 3278 quidem
1450 3205 1584 3277 propter
1604 3200 1706 3260 solam

567 3303 816 3381 appellationem
833 3307 974 3363 vestram
993 3321 1051 3363 nos
1069 3302 1176 3378 facere
1194 3300 1377 3373 noluimus,
1394 3301 1545 3379 quamvis
1564 3301 1653 3378 quod
1673 3302 1705 3360 in

567 3407 653 3464 tanto
669 3408 824 3463 conventu
840 3408 868 3464 el
884 3422 903 3462 a
917 3409 984 3463 tam
995 3403 1148 3463 discretis
1159 3404 1308 3480 personis
1311 3402 1442 3481 sactum
1448 3402 1566 3478 suerat
1572 3401 1703 3480 justum

565 3522 773 3567 censeremus.
801 3504 914 3583 ltaque
940 3523 1016 3565 cum
1043 3523 1109 3565 non
1138 3504 1181 3564 sit
1209 3507 1360 3563 nostrum
1390 3504 1571 3564 sanctitatis
1601 3508 1703 3563 vestre

594 3719 619 3752 a.
638 3702 719 3753 Dans
730 3702 767 3763 A,
780 3703 917 3752 ate-dessus
930 3702 959 3750 de
971 3700 1052 3753 finito
1063 3718 1094 3751 on
1108 3700 1141 3751 tit
1153 3700 1197 3752 vel
1211 3714 1279 3752 vero
1291 3698 1374 3751 iactO.
1387 3728 1420 3737 -
1436 3698 1460 3751 b.
1480 3699 1545 3750 ilico
1557 3700 1595 3752 Α.

592 4072 600 4099 ¹
618 4063 774 4130 Hilgotdus,
790 4064 929 4130 Hilgotus.
946 4065 1054 4131 bneque
1066 4065 1101 4116 de
1115 4063 1245 4116 Soissons
1257 4063 1356 4129 depuis
1372 4064 1433 4125 1085
1446 4061 1576 4122 environ,
1590 4060 1700 4127 rbsigna

561 4164 600 4202 ses
618 4150 758 4202 fonctions
777 4166 840 4201 vers
855 4152 926 4211 1088,
941 4166 1014 4216 pour
1033 4130 1186 4217 reprendre
1203 4152 1219 4199 b
1237 4144 1583 4199 Marmoutier-lez-Tours
1602 4142 1700 4193 l’habit

561 4234 693 4301 religieux
711 4234 778 4299 qu’il
793 4251 812 4302 y
828 4236 902 4286 avait
919 4235 1001 4301 porte
1018 4234 1271 4293 anterieurement;
1291 4232 1312 4283 il
1330 4250 1347 4299 y
1366 4231 1483 4283 succida
1500 4244 1610 4280 comme
1627 4226 1699 4278 abbe

561 4320 715 4371 issernard
733 4337 768 4371 en
789 4337 852 4372 1100
868 4330 896 4371 et
916 4330 1031 4373 mourut
1049 4322 1076 4373 le
1097 4336 1126 4371 10
1143 4323 1210 4373 aosst
1231 4335 1303 4381 1104.
1322 4320 1395 4385 Voy.
1418 4318 1507 4368 Gallia
1528 4316 1696 4371 Christiana,

561 4413 579 4458 t.
593 4406 640 4467 IX,
654 4406 709 4458 col.
725 4420 770 4470 352
790 4416 818 4458 et
836 4408 862 4458 la
881 4410 975 4460 notice
993 4408 1057 4474 plus
1075 4417 1172 4459 exacte
1189 4407 1226 4458 du
1245 4414 1267 4458 t.
1287 4405 1363 4466 XIV,
1382 4404 1436 4456 col.
1451 4417 1498 4454 212
1511 4411 1540 4454 et
1551 4403 1624 4454 suiv.
1644 4400 1699 4452 Les

560 4500 659 4544 termes
677 4494 713 4544 de
730 4503 812 4545 notre
830 4494 981 4562 Cleroniquc
998 4514 1007 4545 .·
1025 4494 1171 4562 Hilgoldus
1188 4493 1321 4561 qnondam
1339 4491 1534 4543 Suessionensis
1550 4491 1695 4555 episcopus,

559 4578 671 4631 doivent
683 4580 756 4631 donc
768 4580 929 4632 s’entendre
940 4582 975 4632 de
987 4597 1038 4633 son
1050 4582 1209 4633 abdication
1228 4579 1388 4646 episcopale
1399 4586 1428 4629 et
1439 4576 1598 4628 nullement
1616 4575 1651 4626 de
1668 4590 1698 4625 sa

560 4676 639 4719 mort.
659 4666 725 4717 Une
742 4675 809 4718 note
826 4668 875 4718 des
893 4668 1018 4719 editeurs
1035 4669 1084 4719 des
1101 4667 1206 4719 MGH.
1221 4666 1269 4717 tait
1285 4667 1320 4717 de
1338 4664 1483 4730 Hilgoldus
1502 4679 1539 4715 un
1558 4662 1652 4714 moine
1663 4661 1698 4712 de

560 4751 663 4819 Cluny;
684 4760 757 4803 cette
775 4755 921 4816 assertion,
942 4755 988 4820 qui
1010 4754 1079 4805 n’est
1099 4753 1303 4821 accompagnee
1324 4752 1460 4803 d'aucune
1481 4750 1634 4810 reference,
1656 4754 1698 4798 est

517 4862 522 4885 i
560 4838 783 4890 manifestement
795 4841 923 4892 erronee.

589 4934 598 4961 ²
616 4925 771 4987 Cidessus,
785 4943 813 4993 p.
831 4929 886 4992 189,
900 4942 928 4977 n.
943 4941 967 4990 3.
