4450 6125
513 1137 585 1199 1086,

487 1217 517 1270 27
533 1206 610 1257 aodt.

642 837 718 920 128
852 839 1165 920 Cantatorium
1194 836 1287 912 sire
1323 829 1572 912 Chronieon

674 1141 733 1197 54.
757 1133 836 1211 (08.)
860 1135 909 1195 Eo
931 1132 1071 1195 tandem
1092 1129 1237 1210 sepulto,
1261 1128 1443 1206 episcopus
1463 1125 1589 1188 obtulit
1612 1126 1776 1190 fratribus

632 1235 780 1316 eligendi
803 1234 935 1296 abbatis
956 1232 1145 1312 optionem,
1163 1237 1371 1309 protestatus
1392 1227 1473 1289 inde
1495 1227 1585 1289 nolle
1607 1228 1775 1303 recedere,

634 1335 698 1396 nisi
720 1335 768 1395 eis
788 1334 862 1395 loco
883 1332 1035 1394 defuncti
1058 1331 1233 1392 ordinaret
1258 1336 1403 1406 patrem.
1423 1326 1592 1389 Convenit
1613 1327 1650 1388 in
1671 1345 1777 1391 unam

632 1435 838 1495 seutentiam
859 1442 893 1495 et
916 1434 1062 1495 fratrum
1084 1431 1203 1493 electio
1217 1442 1231 1466 ‘²
1257 1437 1290 1491 et
1311 1427 1494 1490 curialium
1517 1426 1722 1490 attestatio‘
1745 1439 1778 1492 et

633 1534 810 1615 popularis
834 1533 1043 1608 acclamatio,
1068 1532 1265 1593 donandam
1291 1529 1436 1591 eandem
1464 1529 1639 1590 abbatiam
1666 1529 1777 1592 Theo-
1818 1551 1829 1601 5

632 1637 746 1698 derico
761 1637 943 1715 preposito.
962 1635 1060 1712 Quod
1078 1634 1156 1696 licet
1171 1633 1227 1695 ille
1243 1632 1419 1694 videretur
1439 1629 1551 1708 reniti,
1570 1648 1676 1712 seque
1694 1628 1778 1693 fate·

631 1747 727 1799 retur
747 1755 814 1798 non
835 1738 1018 1799 convenire
1037 1744 1132 1798 tante
1152 1733 1392 1813 assumptioni,
1409 1732 1495 1795 adeo
1509 1731 1656 1794 increvit
1671 1731 1778 1794 semel

629 1848 766 1901 emotus
779 1838 939 1899 omnium
954 1838 1118 1911 clamor‘,
1134 1844 1172 1898 ut
1184 1836 1226 1897 de
1239 1853 1274 1896 re
1287 1835 1418 1916 agenda
1435 1852 1495 1896 nec
1509 1833 1574 1914 ipsi
1591 1841 1779 1895 retractare

630 1938 746 2001 liceret
759 1938 929 2017 episcopo,
943 1941 1081 2018 jamque
1096 1939 1224 1999 donata
1239 1936 1385 2004 abbatia,
1401 1952 1568 2016 quassans
1578 1944 1778 2013 caputcum

631 2038 883 2109 ammiratione,
901 2037 1128 2099 familiaribus
1149 2038 1220 2100 suis
1239 2036 1445 2106 enuntiaret,
1462 2035 1549 2097 tanti
1564 2033 1690 2097 favoris
1707 2037 1778 2097 cla·
1811 2063 1841 2099 10

633 2159 766 2202 morem
779 2141 901 2202 timere
913 2157 948 2200 se
960 2140 995 2199 in
1008 2149 1187 2218 posterum
1202 2138 1347 2216 alicujus
1361 2136 1491 2198 sinistri
1507 2138 1656 2222 portenti
1667 2135 1686 2175 ‘¹
1694 2134 1779 2199 fore.

633 2240 697 2302 Sed
723 2258 832 2321 neque
854 2242 927 2318 ejus
950 2241 1036 2301 hanc
1056 2239 1330 2301 enuntiationem
1352 2248 1495 2299 eventus
1516 2235 1646 2311 fefellit,
1669 2250 1714 2312 et,
1743 2248 1782 2301 ut

632 2358 695 2402 suo
724 2341 799 2402 loco
826 2341 970 2414 dicetur,
1000 2358 1059 2419 per
1082 2357 1258 2401 accessum
1284 2338 1451 2417 temporis
1476 2337 1567 2419 quod
1594 2340 1785 2401 verebatur

632 2441 767 2502 accidit.
786 2441 1020 2503 Theodericus
1036 2459 1117 2502 vero
1135 2441 1351 2502 recedentem
1366 2452 1378 2478 ‘
1394 2440 1598 2518 episcopum
1618 2456 1783 2518 prosecu-

634 2552 689 2604 tus
710 2554 743 2604 et
767 2545 809 2604 ab
831 2560 871 2603 eo
892 2561 931 2604 ex
957 2559 1050 2603 more
1073 2542 1108 2601 in
1133 2541 1292 2602 abbatem
1314 2550 1541 2613 consecratus,
1565 2539 1600 2600 iu
1623 2540 1784 2604 kalendis
1818 2565 1848 2616 ις

633 2643 840 2722 septembris
862 2651 1023 2720 exceptus
1043 2651 1094 2704 est
1115 2660 1134 2703 a
1158 2639 1321 2704 fratribus
1346 2641 1491 2702 letanter
1515 2641 1565 2702 illi
1590 2642 1783 2722 proceden-

633 2743 726 2805 tibus
741 2750 761 2804 ¹.
781 2744 869 2820 Quia
889 2762 981 2823 ergo,
1003 2754 1042 2804 ut
1061 2743 1108 2805 ait
1129 2743 1273 2824 quidam
1288 2744 1310 2816 ²,
1332 2742 1470 2805 difficile
1488 2744 1676 2822 imperium
1696 2745 1785 2808 reti·

634 2855 746 2918 netur,
771 2844 835 2905 nisi
857 2843 986 2905 eisdem
1010 2846 1142 2905 artibus
1163 2845 1290 2924 quibus
1310 2855 1344 2906 et
1367 2844 1537 2923 pariturf,
1564 2845 1637 2925 ipse
1661 2846 1784 2909 adhuc

632 2945 728 3006 rudis
752 2961 832 3005 eure
858 2944 1049 3023 pastoralis,
1075 2952 1194 3024 utpote
1217 2955 1359 3008 eotenus
1383 2956 1539 3009 assuetus
1561 2947 1785 3026 providentie

631 3044 822 3118 exterioris,
836 3046 1036 3106 recordatus
1049 3046 1189 3107 tandem
1201 3048 1279 3127 quis
1289 3045 1531 3128 fuerit,quisve
1544 3066 1586 3110 ex
1597 3060 1785 3131 assumpto
1816 3069 1853 3107 ιο

631 3144 743 3207 officio
762 3156 941 3224 cogeretur
961 3144 1030 3223 jam
1050 3145 1136 3220 fieri,
1160 3148 1326 3210 nimirum
1342 3150 1474 3212 invenit
1492 3169 1527 3212 se
1546 3151 1651 3213 nimis
1664 3150 1784 3232 impa-

632 3264 706 3308 rem
728 3247 882 3326 impositi
908 3246 973 3308 sibi
997 3247 1124 3321 oneris,
1147 3259 1180 3309 et
1205 3251 1265 3330 qui
1293 3250 1475 3312 videbatur
1499 3252 1595 3330 prius
1617 3255 1718 3333 quasi
1745 3254 1785 3315 in

633 3348 734 3425 plano
747 3346 894 3408 firmiter
905 3356 995 3409 stare
1004 3360 1032 3421 ἰ,
1045 3348 1080 3409 in
1095 3350 1251 3429 precipiti
1265 3351 1335 3429 jam
1351 3353 1438 3431 pede
1452 3352 1565 3431 posito
1578 3352 1668 3434 cepit
1685 3357 1784 3435 apud

632 3466 667 3507 se
695 3448 849 3527 graviter
878 3448 1039 3511 titubare.
1064 3450 1177 3530 lmpos
1198 3452 1306 3532 igitur
1327 3451 1465 3527 suimet,
1489 3454 1631 3536 vestigia
1654 3456 1784 3535 prede-

662 3645 687 3677 a.
707 3628 788 3678 Dans
799 3629 837 3689 A,
855 3627 881 3677 la
894 3631 1026 3696 premiere
1041 3629 1117 3680 lettre
1133 3632 1163 3680 de
1179 3631 1282 3683 electio
1297 3635 1370 3682 itant
1380 3633 1497 3698 confuse,
1510 3630 1534 3681 le
1543 3634 1627 3685 scribe
1638 3633 1675 3686 l’a
1687 3653 1783 3701 repro-
1814 3651 1847 3703 25

628 3714 701 3763 duitc
712 3715 851 3764 uie-desstis
862 3715 892 3763 de
903 3712 930 3763 la
942 3713 1022 3780 ligne.
1033 3743 1066 3754 -
1077 3715 1101 3768 b.
1117 3716 1196 3765 Dans
1205 3717 1242 3777 tl,
1253 3725 1282 3767 et
1293 3717 1443 3768 curialium
1456 3719 1601 3770 attestatio
1613 3720 1685 3770 vient
1694 3732 1785 3774 avant

629 3810 658 3849 et
670 3798 788 3850 fratrum
805 3800 922 3859 clecti0;
941 3803 1010 3850 mais
1026 3802 1068 3851 des
1084 3804 1173 3868 signes
1188 3802 1353 3853 refellissent
1368 3803 1464 3854 l'ordrc
1479 3821 1580 3856 comme
1594 3806 1735 3859 σι’-ἄικας.
1750 3838 1784 3849 -

630 3902 653 3936 c.
674 3885 752 3935 Dans
764 3886 801 3945 Α,
815 3887 953 3936 izit-dessus
969 3888 999 3936 dc
1013 3887 1130 3949 clamor,
1149 3906 1181 3938 on
1199 3888 1231 3939 lit
1248 3889 1292 3940 vel
1309 3888 1397 3941 favor.
1411 3919 1442 3928 -
1461 3891 1486 3942 d.
1506 3891 1587 3941 Dans
1598 3892 1637 3954 A,
1649 3898 1784 3960 portenti

631 3972 751 4030 sinistri;
770 3973 838 4020 mais
855 3972 897 4020 des
913 3975 1000 4037 signes
1017 3972 1183 4024 ritatlisseni
1198 3974 1295 4025 l'ordre
1310 3991 1410 4026 comme
1424 3976 1560 4030 ci-dessus.
1579 4005 1609 4015 -
1632 3995 1655 4029 e.
1681 3993 1785 4033 recen-

631 4058 745 4108 dentem
759 4058 795 4106 A.
816 4086 837 4094 -
852 4058 880 4123 s.
901 4068 1015 4124 paratur
1032 4067 1089 4109 tous
1104 4060 1141 4109 les
1158 4066 1322 4110 uranuscrits
1337 4070 1361 4111 et
1373 4068 1454 4112 toutcs
1466 4061 1502 4112 les
1513 4063 1786 4119 tditionstsurcette
1817 4085 1852 4135 30

630 4146 784 4206 correction,
795 4160 849 4211 voy.
860 4144 1009 4207 cidessous,
1022 4163 1050 4198 n.
1061 4160 1086 4198 2.
1098 4175 1129 4183 -
1139 4164 1167 4213 g.
1182 4147 1262 4197 Dans
1270 4148 1308 4209 A,
1321 4157 1395 4198 stare
1408 4147 1540 4210 firmiter;
1555 4151 1625 4201 mais
1636 4150 1680 4202 des
1690 4154 1786 4221 signes

630 4230 794 4281 rtiahltsseni
805 4230 902 4281 tordrc
913 4248 1013 4282 comme
1023 4233 1159 4284 cidessus.

666 4491 672 4516 ¹
687 4482 810 4549 Thierry
820 4483 856 4543 ll,
868 4482 914 4533 clu
923 4482 950 4533 le
959 4496 989 4547 27
999 4485 1076 4543 aout,
1086 4497 1155 4533 aura
1164 4483 1237 4535 <lonc
1251 4499 1315 4546 recu
1326 4484 1351 4535 la
1361 4484 1555 4536 consecration
1563 4484 1717 4550 abbatiale,
1727 4491 1787 4542 soit

633 4568 658 4618 le
668 4581 699 4632 ²9
708 4570 784 4628 aoitt,
795 4570 850 4619 soit
860 4568 924 4633 plus
934 4568 1150 4634 probablement
1162 4569 1188 4620 le
1199 4583 1231 4632 30
1239 4572 1315 4631 aotlt,
1327 4570 1488 4621 cest-'adire
1501 4586 1539 4622 un
1550 4571 1714 4625 dimauche.
1727 4573 1788 4630 Les

632 4653 1785 4728 ordinationsontlieuhabituellementledimanche,cellesdespapeedepui⁸au
1817 4689 1850 4740 ³5

633 4739 726 4789 moins
737 4739 764 4789 le
779 4738 829 4789 1v0
841 4740 938 4800 siecle,
952 4756 1018 4808 roy.
1034 4741 1206 4804 Ducrrusutt,
1220 4742 1299 4793 Liber
1306 4744 1479 4812 pontificalis,
1496 4754 1515 4798 t.
1531 4744 1553 4807 1,
1567 4761 1596 4812 p.
1608 4758 1740 4801 ccmn.

667 4833 676 4859 ²
694 4825 855 4887 Samusru,
877 4826 1005 4884 Catilina,
1021 4844 1045 4880 c.
1061 4842 1074 4878 2
1090 4845 1095 4880 :
1111 4828 1186 4879 Nam
1204 4831 1347 4896 imperium
1357 4832 1444 4897 facile
1459 4832 1501 4884 his
1516 4832 1619 4908 artibus
1633 4837 1784 4906 retinetur,

632 4912 726 4981 quibus
738 4914 814 4963 initio
822 4919 934 4982 partum
947 4923 993 4968 est.
