4450 6125
912 849 1066 926 Sancti
1097 847 1311 927 Habenti.
1592 848 1667 929 133

529 1143 632 1207 tionis
646 1143 843 1223 deponeret.
863 1141 938 1203 Dux
954 1159 1091 1221 quoque
1107 1140 1322 1216 Godefridus,
1339 1151 1567 1223 cognomento
1589 1144 1669 1204 Bar-

528 1243 687 1315 batus⁶¹,
711 1241 861 1324 quadam
884 1240 949 1311 die,
973 1241 1116 1303 eumad
1146 1245 1231 1303 banc
1261 1242 1547 1304 consuetudinem
1569 1244 1668 1305 beato

529 1344 682 1406 Huberto
702 1343 945 1405 exsolvendam
959 1341 971 1379 ⁶
986 1352 1151 1404 venatum
1165 1342 1257 1413 isset,
1275 1344 1429 1424 quinque
1445 1361 1563 1404 cervos
1578 1345 1668 1423 cepit

527 1462 606 1506 curn
624 1462 692 1505 uno
707 1443 799 1522 Iupn,
817 1443 908 1521 ipsos
923 1460 1061 1523 quoque
1076 1459 1196 1503 omnes
1210 1461 1288 1505 cum
1305 1443 1405 1504 coriis
1420 1454 1454 1504 et
1469 1453 1570 1524 capto
1585 1445 1667 1523 lupo

483 1565 495 1614 5
527 1547 640 1607 adhuc
663 1545 797 1605 vivente
819 1543 1022 1616 transmisit,
1047 1544 1144 1604 nobis
1168 1544 1377 1618 videntibus,
1409 1545 1490 1605 huic
1519 1546 1664 1607 ecclesie.

528 1648 606 1709 Post
635 1654 782 1708 mortem
812 1657 929 1707 autem
960 1644 1102 1723 predicti
1135 1643 1338 1718 Frederici²,
1371 1645 1427 1706 Ida
1458 1664 1544 1706 uxor
1570 1638 1668 1724 ejus³

526 1747 642 1825 nupsit
651 1746 790 1809 Alberto
801 1745 918 1806 comiti
931 1745 1148 1815 Namucensi,
1159 1745 1353 1826 iterumque
1367 1746 1519 1824 predicta
1533 1746 1666 1809 decima

524 1847 614 1926 cepit
639 1846 782 1909 subduci
808 1846 957 1918 ecclesie,
985 1846 1167 1926 agentibus
1194 1845 1323 1924 ianuis
1348 1854 1382 1905 et
1410 1844 1666 1909 fraudatoribus

525 1948 703 2020 ministris,
730 1947 829 2029 quasi
858 1946 984 2007 fiducia
1008 1948 1192 2008 Immutate
1219 1946 1474 2009 dominationis.
1502 1948 1551 2010 Ad
1578 1950 1666 2010 hanc

468 2075 497 2109 10
526 2050 776 2110 reclamandam
803 2048 906 2109 abbas
931 2048 1094 2109 comitem
1119 2049 1162 2108 ob
1189 2065 1331 2108 uxorem
1359 2050 1431 2124 eius
1456 2049 1609 2127 expetiit,
1633 2060 1667 2112 et

526 2150 708 2210 Lamberto
738 2151 866 2227 majore
896 2166 1013 2209 rerum
1045 2149 1205 2209 ordinem
1231 2148 1481 2210 rationabiliter
1506 2168 1665 2212 renume-

525 2257 619 2311 rante
638 2249 718 2322 illis,
741 2251 832 2330 quod
856 2266 958 2310 suum
980 2258 1052 2310 erat
1068 2248 1205 2310 ecclesia
1223 2250 1403 2329 utriusque
1418 2268 1557 2312 assensu
1572 2268 1667 2313 recu-

524 2350 656 2430 peravit
673 2359 838 2430 perpetuo
860 2349 1058 2410 habendum
1071 2351 1095 2409 ⁴.

563 2535 621 2593 59.
640 2530 719 2610 (73.)
743 2530 841 2608 Apud
860 2529 1081 2591 CavIniacurn
1099 2528 1221 2591 fiscum
1240 2529 1380 2591 curialis
1395 2529 1521 2591 familia
1535 2523 1545 2557 ⁵
1561 2533 1664 2592 habe-

471 2658 496 2706 ¹5
527 2633 636 2700 batur,
658 2648 725 2712 que
747 2630 830 2692 olim
850 2630 986 2692 ecclesie
1005 2630 1169 2711 acquisita
1192 2649 1271 2692 cum
1287 2632 1407 2693 ceterIs
1423 2632 1661 2711 popularibus,

525 2730 719 2792 dominium
734 2730 869 2792 ecclesie
884 2731 981 2811 quasi
999 2749 1128 2792 novum
1144 2732 1347 2805 detrectans,
1370 2733 1497 2793 servire
1517 2733 1545 2793 ei
1569 2733 1664 2794 dedi·

555 2927 581 2959 a.
600 2909 735 2961 barbarus
752 2910 795 2967 A;
813 2926 862 2959 sur
879 2917 942 2958 cette
960 2911 1113 2970 correction,
1129 2927 1183 2976 1111.
1197 2911 1345 2972 cidessous,
1361 2928 1387 2962 n.
1401 2927 1425 2963 ι.
1440 2941 1472 2948 -
1490 2910 1512 2963 b.
1526 2912 1666 2963 exolven-

525 2995 585 3046 dam
599 2996 636 3049 A.

559 3218 566 3245 ¹
588 3209 610 3262 Il
621 3209 701 3277 s'agit
714 3209 906 3259 evidemment
924 3208 959 3258 ici
977 3207 1013 3259 de
1030 3206 1185 3258 Godeiroid
1203 3208 1229 3258 Ie
1251 3207 1352 3266 Barbu.
1370 3209 1438 3258 dont
1456 3210 1534 3274 parle
1551 3209 1666 3276 longue-

472 3315 502 3351 2o
528 3306 602 3349 ment
613 3295 641 3348 la
655 3296 815 3363 Chronique,
829 3295 973 3354 ci-dessus,
987 3310 1027 3345 cc.
1042 3309 1075 3345 1ο
1088 3293 1151 3360 (18)
1161 3304 1189 3344 et
1202 3295 1274 3346 suiv.

559 3393 568 3419 ²
588 3384 660 3449 1065,
676 3385 706 3435 28
718 3384 798 3443 aodt;
813 3396 876 3449 voy.
890 3382 1035 3442 ci-dessus,
1050 3397 1077 3447 p.
1095 3396 1150 3444 132,
1164 3398 1192 3434 n.
1207 3396 1231 3435 2.

558 3478 568 3517 3
586 3470 634 3522 Ida
651 3485 688 3522 ou
706 3468 871 3536 Regilinde;
886 3483 931 3519 ces
943 3467 1017 3518 deux
1030 3483 1112 3519 noms
1126 3467 1210 3533 (dont
1224 3468 1250 3519 le
1262 3469 1386 3534 premier
1397 3467 1505 3521 semble
1522 3485 1559 3519 un
1577 3469 1665 3519 dImi-

524 3556 598 3609 nutis
604 3558 640 3609 du
651 3556 770 3621 second)
780 3565 844 3607 sont
854 3555 976 3622 garantis
986 3570 1036 3620 par
1048 3555 1074 3605 Ie
1087 3554 1264 3622 temoignage
1274 3555 1434 3606 d'Ansriarc
1447 3569 1485 3605 nn
1498 3554 1662 3607 Tuorsrort-

525 3656 628 3695 Tantas
642 3659 648 3695 :
664 3658 689 3694 a.
712 3641 784 3705 1065,
803 3640 886 3703 husus
903 3640 1041 3689 Frederici
1056 3640 1177 3690 relictum
1196 3642 1301 3690 nomine
1318 3640 1478 3690 Raelendem
1491 3642 1569 3690 duxit
1580 3657 1664 3691 comes

467 3746 496 3796 25
524 3730 717 3780 Namurcensis
736 3726 881 3782 Allertus,·
905 3743 928 3777 a.
957 3726 1019 3791 1076
1040 3744 1045 3778 :
1070 3744 1154 3776 cuntes
1175 3744 1233 3777 vero
1256 3726 1435 3777 Namucensis
1462 3727 1588 3777 Alterius
1615 3745 1663 3794 per

524 3844 637 3854 ——-
652 3815 733 3866 Idam
750 3831 858 3864 uxorem
876 3830 953 3864 suam
974 3815 1074 3863 dictum
1093 3813 1253 3864 [fullonium
1271 3814 1439 3865 reclamabat.
1459 3815 1495 3865 M
1496 3815 1573 3872 GH..
1596 3816 1658 3872 SS..

524 3915 543 3959 t.
557 3902 662 3958 XXIII.
676 3917 723 3969 pp.
738 3914 785 3968 795
803 3911 831 3952 et
849 3902 907 3966 798.
921 3900 967 3951 On
985 3916 1000 3951 a
1018 3902 1137 3951 commis
1155 3900 1273 3951 l'erreur
1289 3901 1324 3951 de
1341 3900 1408 3951 faire
1424 3901 1501 3953 d'Ida
1517 3902 1543 3953 la
1559 3901 1662 3955 lemme

522 3990 650 4041 d¹Albert
663 3988 703 4049 II,·
718 4003 783 4055 voy.
797 3990 812 4037 a
824 4003 856 4038 ce
869 3987 951 4053 sujet,
971 3986 1078 4037 Maian
1097 3999 1156 4037 von
1176 3986 1313 4044 Kuouau,
1327 4004 1402 4039 ouvr.
1416 3990 1474 4050 cite,
1489 3997 1508 4039 t.
1525 3988 1546 4053 l,
1560 4006 1588 4056 p.
1602 3991 1660 4055 473,

522 4073 776 4141 n.147,c0mplete
794 4083 822 4124 et
840 4072 949 4139 corrige
967 4088 1040 4138 pour
1058 4072 1084 4123 le
1104 4081 1177 4124 reste
1196 4073 1622 4140 91116.Κυ11111,1111υν.ει’1έ,1,
1640 4079 1660 4141 l,

461 4179 494 4227 30
523 4181 552 4231 p.
565 4180 605 4225 11,
618 4179 647 4215 n.
663 4177 686 4215 1.

555 4258 567 4294 4
583 4249 637 4301 Cet
648 4258 709 4301 acte
721 4264 751 4300 se
763 4248 842 4316 place
854 4256 934 4299 entre
951 4247 1022 4310 1086,
1036 4247 1101 4298 date
1114 4247 1149 4298 de
1159 4247 1346 4299 l'avenement
1360 4249 1394 4299 de
1407 4248 1528 4316 Thierry
1542 4249 1567 4300 II
1579 4250 1660 4317 (voy.

522 4337 664 4396 cidessus,
676 4350 704 4402 p.
721 4334 792 4400 128),
812 4342 840 4385 et
862 4348 933 4400 1099,
952 4334 1016 4385 date
1035 4333 1113 4385 dela
1132 4341 1207 4385 mort
1225 4334 1259 4385 de
1277 4333 1411 4385 Lambert
1430 4335 1559 4386 I'Ancien
1579 4336 1660 4404 (roy.

520 4421 685 4482 cidessous,
698 4436 722 4471 c.
734 4420 791 4487 87).
806 4418 865 4471 Cir.
880 4419 915 4469 G.
931 4419 1049 4479 Kurra,
1064 4436 1139 4471 oum.
1151 4422 1209 4481 citt,
1224 4428 1243 4471 t.
1260 4419 1280 4480 l,
1295 4436 1342 4486 pp.
1358 4437 1387 4470 22
1401 4430 1428 4472 et
1443 4435 1483 4484 23.

554 4513 564 4551 5
585 4504 834 4572 Curialissamilia,
850 4522 884 4556 en
897 4507 1059 4572 opposition
1072 4522 1140 4557 arec
1149 4506 1299 4575 populares.
1312 4506 1427 4576 designe
1440 4524 1495 4560 une
1499 4508 1614 4574 familia
1626 4510 1661 4563 de

451 4613 485 4664 35
519 4593 667 4646 condition
684 4591 748 4659 plus
765 4591 871 4654 elevee,
891 4609 928 4643 un
947 4593 1092 4644 ensemble
1110 4593 1146 4644 de
1165 4609 1328 4659 personnes,
1350 4593 1391 4645 les
1413 4610 1482 4645 unes
1503 4590 1598 4658 libres,
1620 4595 1662 4647 les

518 4688 616 4733 autres
627 4694 732 4742 serves,
745 4678 878 4731 detenam
889 4695 944 4730 une
952 4682 1029 4729 curia
1039 4695 1075 4730 ou
1085 4681 1228 4747 praedium
1240 4682 1382 4743 rusticum,
1395 4695 1506 4733 comme
1515 4680 1542 4732 le
1554 4697 1664 4748 prouve

520 4768 548 4821 le
566 4775 699 4819 contexte
713 4767 749 4818 de
767 4767 792 4817 la
813 4765 972 4834 chronique,
989 4768 1152 4829 cidessous,
1170 4784 1197 4834 p.
1218 4782 1262 4832 134
1276 4784 1282 4820 :
1296 4784 1435 4836 omnesque
1446 4771 1493 4836 qui
1509 4768 1664 4820 videbantur

518 4871 575 4907 esse
591 4852 675 4917 hujus
691 4854 915 4910 contradictionis,
935 4871 997 4904 cum
1011 4857 1094 4905 servis
1109 4872 1201 4905 corum
1217 4863 1241 4905 et
1256 4855 1373 4912 ancillis,
1387 4873 1450 4906 cum
1463 4856 1665 4924 possessionibus

518 4954 617 4995 eorum
627 4946 652 4989 et
661 4937 775 4991 allodiis.
