4450 6125
557 851 612 951 54
774 851 1086 934 Cantatorium
1116 859 1209 935 sive
1245 853 1493 936 Chronieon

559 1150 726 1213 Roderico
746 1159 780 1211 et
802 1149 956 1231 lingone,
977 1159 1159 1230 perorante
1182 1150 1366 1211 Lamberto
1388 1144 1517 1226 majore
1536 1145 1697 1227 antiquas

559 1248 734 1330 provincie
758 1249 1022 1311 consuetudines
1037 1249 1059 1322 ¹,
1083 1249 1130 1310 rei
1154 1249 1333 1311 veritatem
1356 1247 1538 1330 diligenter
1557 1246 1697 1309 investi·

558 1349 663 1429 gavit,
673 1357 707 1411 et
719 1349 916 1411 testimonio
926 1349 1157 1430 predictorum
1170 1349 1367 1430 principum
1378 1365 1519 1410 omnem
1531 1345 1697 1411 familiam

556 1449 706 1522 ecclesie,
737 1466 804 1529 que
827 1448 883 1511 vix
913 1448 1083 1512 sufficeret
1111 1449 1148 1511 in
1176 1448 1396 1512 restituendis
1424 1458 1457 1509 et
1481 1447 1696 1511 continendis

554 1549 674 1612 officiis
688 1557 721 1610 et
737 1549 989 1612 munitionibus
1008 1549 1217 1632 monasterii,
1235 1548 1338 1629 hujus
1352 1548 1536 1611 exactionis
1551 1549 1695 1611 liberam
1738 1569 1750 1620 5

553 1669 625 1714 esse
636 1661 830 1713 constanter
838 1667 952 1711 coram
965 1650 1053 1712 duce
1063 1649 1309 1728 comprobavit.
1320 1649 1369 1712 Ad
1382 1648 1693 1723 hecThieboldus·‚

553 1754 639 1814 dum
660 1752 759 1815 vellet
781 1752 895 1813 abbati
919 1750 1092 1822 obsistere,
1108 1751 1180 1812 dux
1203 1750 1369 1812 malitiam
1393 1749 1467 1828 eius
1487 1749 1693 1831 intelligens,

554 1864 591 1916 ut
606 1865 679 1915 erat
695 1852 908 1916 vehementis
923 1852 1042 1924 animi,
1059 1852 1094 1912 in
1116 1869 1197 1914 eum
1220 1852 1420 1931 indignatus
1438 1852 1610 1932 graviter:
1629 1851 1695 1913 Hoc

551 1962 608 2025 est,
625 1954 750 2035 inquit,
764 1959 821 2015 tun
836 1970 918 2033 erga
934 1971 984 2013 me
992 1951 1151 2026 fidelitas,
1168 1957 1202 2012 ut
1215 1970 1284 2012 meo
1298 1956 1426 2028 peccato
1441 1952 1650 2030 iniquitatem
1664 1957 1695 2013 et

551 2056 764 2130 cupiditatem
790 2060 882 2114 tuam
910 2054 1051 2130 expleas,
1082 2054 1163 2112 dum
1189 2052 1355 2112 mendacio
1380 2056 1436 2112 tuo
1463 2070 1512 2112 me
1535 2069 1693 2130 provocas
1723 2073 1752 2109 ιο

551 2173 680 2233 peccare
701 2155 738 2214 in
760 2154 865 2214 Deum
887 2158 916 2214 et
939 2154 974 2212 in
994 2152 1065 2229 ejus
1083 2152 1273 2229 familiam!
1289 2152 1330 2214 Et
1346 2152 1478 2223 sedens,
1496 2162 1534 2215 ut
1549 2151 1690 2224 solebat,

550 2256 587 2318 in
610 2254 785 2318 audientia
807 2252 934 2334 publici
957 2254 1042 2332 iuris
1062 2254 1199 2334 agendi,
1220 2254 1360 2315 consilio
1382 2262 1416 2316 et
1441 2254 1638 2317 testimonio
1658 2265 1692 2318 et

550 2356 650 2438 legali
662 2357 787 2437 judicio
794 2355 1003 2435 optimatum
1018 2371 1174 2427 suorum,
1184 2355 1271 2416 hanc
1282 2355 1485 2418 sententiam
1498 2356 1688 2428 constituit,

549 2468 583 2521 et
606 2475 647 2519 ne
668 2458 855 2538 aliquando
877 2464 1112 2518 removeretur
1134 2473 1153 2516 a
1179 2455 1332 2536 qualibet
1357 2472 1514 2535 persona,
1536 2454 1691 2518 firmavit

551 2567 590 2621 ut
614 2560 727 2620 omnis
751 2556 879 2619 familia
905 2556 1040 2619 ecclesie
1065 2556 1108 2617 ab
1134 2557 1196 2618 hac
1220 2557 1394 2618 exactione
1418 2556 1454 2618 in
1481 2565 1689 2637 perpetuum
1718 2576 1747 2627 ις

416 2671 523 2732 rotie)
550 2659 675 2721 amodo
703 2658 809 2719 libera
837 2667 935 2728 esset,
965 2656 1035 2717 sive
1063 2673 1139 2718 eam
1168 2657 1317 2729 deberet,
1342 2657 1411 2718 sive
1442 2674 1509 2718 non
1537 2657 1687 2720 deberet.

549 2762 648 2823 Anno
665 2777 742 2838 ¹074
753 2758 775 2819 ².

588 2954 646 3011 21.
665 2959 737 3024 {tn-j:
754 2946 827 3008 Sub
841 2946 962 3007 eodem
978 2955 1144 3025 ternpore,
1160 2955 1236 3007 orta
1250 2944 1466 3007 contentione
1482 2946 1573 3008 inter
1586 2946 1689 3008 abba·

578 3145 605 3178 a.
624 3127 793 3180 Tietboldus
805 3129 841 3178 A.

542 3421 687 3488 n'indique
698 3436 754 3472 non
765 3420 828 3486 plus
837 3419 906 3487 qu'il
914 3420 953 3470 ait
962 3420 1061 3479 existe,
1071 3429 1152 3470 entre
1161 3434 1207 3470 ces
1217 3419 1292 3470 deux
1308 3418 1477 3480 Heribrand,
1489 3434 1527 3470 un
1539 3421 1683 3473 troisieme
1709 3432 1744 3470 ιο

542 3522 717 3575 personnage
729 3506 764 3557 de
777 3508 870 3557 meme
883 3521 960 3565 nom,
975 3521 1024 3571 par
1038 3517 1151 3571 rapport
1164 3508 1179 3555 t
1191 3506 1239 3572 qui
1252 3503 1325 3557 celui
1337 3505 1406 3556 dont
1420 3505 1498 3572 parle
1509 3505 1646 3558 cidessus
1657 3507 1683 3558 h

544 3594 697 3662 chronique
707 3595 796 3644 aurait
810 3593 856 3643 ete
867 3592 1018 3645 denomme
1030 3594 1128 3655 sembr,
1141 3590 1259 3643 l'ancien
1272 3608 1308 3642 ou
1321 3591 1348 3643 le
1361 3594 1455 3644 rieux.

577 3689 584 3716 ¹
603 3681 644 3732 Ce
665 3682 725 3731 rote
746 3680 780 3731 de
799 3680 899 3746 juriste
919 3690 947 3730 et
964 3679 1130 3730 d'historien
1148 3678 1184 3730 de
1202 3678 1328 3746 l’abbeye
1346 3679 1439 3730 echoit
1461 3681 1579 3732 maintes
1598 3679 1684 3734 10101

542 3767 675 3819 lambert
689 3767 715 3818 le
724 3766 828 3820 Vieux:
844 3781 909 3833 voy.
922 3774 1098 3816 notarnment
1113 3765 1273 3832 Chronique,
1286 3780 1327 3816 cc.
1340 3765 1382 3829 58,
1395 3765 1438 3817 60.

576 3861 585 3888 ⁸
604 3853 686 3903 &tte
705 3853 769 3903 date
787 3860 829 3903 est
849 3852 1053 3902 certainement
1071 3852 1212 3909 inexscte:
1226 3866 1261 3902 en
1280 3850 1357 3912 ellet,
1370 3851 1525 3905 Godeiroid
1543 3852 1570 3905 le
1589 3852 1682 3907 Burbu
1709 3869 1741 3923 25

542 3948 667 3998 mourut,
684 3952 756 3988 nous
773 3936 798 3987 le
812 3951 938 3996 serrone,
953 3935 1002 3987 des
1018 3937 1095 4001 1069:
1110 3953 1160 4003 par
1171 3937 1266 4004 quelle
1284 3947 1364 3988 autre
1380 3938 1444 3990 date
1464 3937 1490 3990 la
1508 3939 1683 4008 remplnoerl

542 4023 635 4076 L'acte
651 4034 693 4074 est
712 4023 896 4090 posterieur'a
914 4022 1099 4073 l'avtnement
1115 4023 1150 4074 de
1163 4022 1254 4074 l'abbd
1266 4022 1387 4091 Thierry
1402 4023 1437 4074 1·=
1449 4025 1546 4090 (ιο55)
1557 4036 1585 4077 et
1601 4026 1685 4079 ente-

540 4113 626 4170 rieur,
638 4126 694 4161 non
707 4108 864 4160 seulement
874 4111 889 4158 a
900 4107 925 4158 la
940 4119 1013 4158 mort
1025 4108 1061 4159 de
1070 4107 1226 4160 tiodelroid
1239 4107 1265 4159 le
1280 4108 1370 4161 Barbu
1382 4110 1489 4176 (1069),
1501 4112 1570 4163 mais
1580 4127 1684 4165 encore

538 4201 617 4249 inm
630 4197 744 4248 dernier
756 4210 862 4263 voyage
878 4211 914 4246 en
930 4195 1007 4246 ltalie
1020 4196 1195 4261 (1067-1069)
1212 4211 1219 4246 ε
1236 4212 1283 4248 car
1300 4196 1318 4247 il
1336 4214 1370 4248 en
1391 4200 1492 4259 res-int,
1506 4202 1521 4249 a
1537 4198 1682 4266 Bouillon‚

539 4284 748 4337 mortellement
764 4281 871 4333 malado
883 4294 910 4332 et
925 4281 1077 4348 incapable.
1090 4282 1263 4341 semmel-il,
1274 4283 1309 4335 de
1321 4300 1350 4334 se
1363 4284 1502 4352 de'placer.
1516 4286 1605 4338 Entre
1617 4300 1681 4353 1055
1709 4305 1745 4355 30

538 4382 567 4424 et
590 4370 834 4436 1067,(iodelroid
855 4370 881 4420 le
899 4369 991 4420 llarbu
1012 4368 1042 4419 1ιι
1059 4380 1158 4437 quatre
1176 4370 1285 4437 se'jours
1304 4387 1338 4422 au
1359 4388 1427 4439 pays
1443 4370 1517 4423 natal
1536 4389 1543 4424 ε
1563 4373 1599 4425 de
1619 4386 1680 4440 ιο55

537 4463 553 4511 t
570 4459 641 4522 ¹0⁵7·
655 4458 689 4508 de
707 4471 768 4522 ¹059
781 4462 795 4506 n
809 4458 880 4516 1061,
894 4472 928 4507 en
946 4458 1005 4506 1062
1018 4466 1045 4507 et
1059 4457 1093 4508 de
1109 4457 1199 4518 ιοόιὲι
1215 4458 1286 4522 1067.
1299 4455 1378 4509 lleux
1392 4460 1499 4510 raisons
1512 4459 1683 4528 principales

539 4544 769 4597 recommandent
791 4542 853 4608 plus
871 4543 1070 4608 specialement
1090 4543 1116 4593 le
1128 4543 1242 4594 dernier
1254 4543 1289 4594 de
1307 4559 1353 4595 ces
1369 4545 1477 4611 sejours
1493 4554 1521 4595 et
1539 4547 1643 4607 mdmo.
1656 4546 1682 4599 le

538 4631 603 4683 date
617 4631 677 4689 rods
689 4644 695 4679 z
711 4644 718 4679 1
729 4656 732 4671 ·
744 4628 846 4680 l'ordre
859 4628 1090 4696 chronologique,
1099 4629 1243 4680 d'ailleurs
1253 4634 1309 4681 tris
1320 4630 1420 4685 relatis,
1430 4632 1466 4683 de
1476 4631 1501 4683 la
1513 4631 1682 4702 (Wroniqw

538 4714 580 4767 les
591 4716 718 4767 derniers
731 4713 793 4765 faits
804 4716 852 4781 qui
866 4715 1018 4781 precedent
1029 4728 1093 4767 sont
1106 4733 1141 4767 en
1151 4717 1217 4768 ellet
1230 4718 1265 4769 de
1278 4718 1338 4778 1064
1349 4719 1498 4782 (donation
1511 4720 1546 4771 de
1559 4720 1680 4789 Sumey)
1708 4736 1740 4789 35

537 4803 613 4855 etde
630 4804 690 4866 1065
700 4804 819 4852 environ
833 4802 982 4866 (donatiun
995 4803 1153 4869 d'Anlierlz
1169 4818 1181 4854 2
1207 4804 1232 4856 la
1246 4805 1450 4858 ressemblance
1461 4808 1619 4875 graphique
1629 4807 1680 4860 des

536 4890 616 4943 detes
631 4903 691 4953 ¹07⁴
703 4899 731 4940 et
749 4890 819 4948 1064.
