<?xml version="1.0" encoding="UTF-8"?>
<!DOCTYPE html PUBLIC "-//W3C//DTD XHTML 1.0 Transitional//EN"
    "http://www.w3.org/TR/xhtml1/DTD/xhtml1-transitional.dtd">
<html xmlns="http://www.w3.org/1999/xhtml" xml:lang="en" lang="en">
 <head>
  <title>
</title>
<meta http-equiv="Content-Type" content="text/html;charset=utf-8" />
  <meta name='ocr-system' content='tesseract 3.04.00' />
  <meta name='ocr-capabilities' content='ocr_page ocr_carea ocr_par ocr_line ocrx_word'/>
</head>
<body>
  <div class='ocr_page' id='page_1' title='image "./lachroniquedesa00minogoog_0295.png"; bbox 0 0 4450 6125; ppageno 0'>
   <div class='ocr_carea' id='block_1_1' title="bbox 881 886 1647 973">
    <p class='ocr_par' dir='ltr' id='par_1_1' title="bbox 881 886 1647 973">
     <span class='ocr_line' id='line_1_1' title="bbox 881 886 1647 973; baseline -0.001 0"><span class='ocrx_word' id='word_1_1' title='bbox 881 892 1036 973; x_wconf 82' lang='lat' dir='ltr'>Sancti</span> <span class='ocrx_word' id='word_1_2' title='bbox 1068 886 1278 970; x_wconf 83' lang='lat' dir='ltr'>Huberli.</span> <span class='ocrx_word' id='word_1_3' title='bbox 1564 886 1647 973; x_wconf 80' lang='lat'>233</span> 
     </span>
    </p>
   </div>
   <div class='ocr_carea' id='block_1_2' title="bbox 431 1182 1770 2676">
    <p class='ocr_par' dir='ltr' id='par_1_2' title="bbox 508 1182 1770 1464">
     <span class='ocr_line' id='line_1_2' title="bbox 509 1182 1770 1270; baseline -0.003 -23"><span class='ocrx_word' id='word_1_4' title='bbox 509 1193 755 1266; x_wconf 89' lang='lat' dir='ltr'>assumptoque</span> <span class='ocrx_word' id='word_1_5' title='bbox 769 1184 984 1248; x_wconf 83' lang='lat' dir='ltr'>Heribrando</span> <span class='ocrx_word' id='word_1_6' title='bbox 999 1190 1021 1258; x_wconf 87' lang='lat'>¹,</span> <span class='ocrx_word' id='word_1_7' title='bbox 1036 1183 1217 1245; x_wconf 91' lang='lat' dir='ltr'>Urbanum</span> <span class='ocrx_word' id='word_1_8' title='bbox 1232 1199 1358 1262; x_wconf 92' lang='lat' dir='ltr'>papam</span> <span class='ocrx_word' id='word_1_9' title='bbox 1371 1182 1462 1262; x_wconf 91' lang='lat' dir='ltr'>apud</span> <span class='ocrx_word' id='word_1_10' title='bbox 1481 1184 1649 1248; x_wconf 89' lang='lat' dir='ltr'>Beneven·</span> <span class='ocrx_word' id='word_1_11' title='bbox 1698 1194 1770 1270; x_wconf 65' lang='lat'>3098,</span> 
     </span>
     <span class='ocr_line' id='line_1_3' title="bbox 509 1274 1769 1364; baseline 0.002 -17"><span class='ocrx_word' id='word_1_12' title='bbox 509 1285 605 1347; x_wconf 83' lang='lat' dir='ltr'>tum²</span> <span class='ocrx_word' id='word_1_13' title='bbox 616 1292 889 1347; x_wconf 86' lang='lat' dir='ltr'>commorantem</span> <span class='ocrx_word' id='word_1_14' title='bbox 904 1281 1057 1364; x_wconf 87' lang='lat' dir='ltr'>expetiit,</span> <span class='ocrx_word' id='word_1_15' title='bbox 1069 1282 1169 1364; x_wconf 91' lang='lat' dir='ltr'>eique</span> <span class='ocrx_word' id='word_1_16' title='bbox 1182 1280 1379 1361; x_wconf 89' lang='lat' dir='ltr'>hujusmodi</span> <span class='ocrx_word' id='word_1_17' title='bbox 1394 1284 1650 1362; x_wconf 86' lang='lat' dir='ltr'>compositionis</span> <span class='ocrx_word' id='word_1_18' title='bbox 1697 1274 1769 1326; x_wconf 63' lang='lat'>¹³¹³·</span> 
     </span>
     <span class='ocr_line' id='line_1_4' title="bbox 508 1374 1207 1464; baseline -0.004 -16"><span class='ocrx_word' id='word_1_19' title='bbox 508 1386 694 1448; x_wconf 83' lang='lat' dir='ltr'>clamorem</span> <span class='ocrx_word' id='word_1_20' title='bbox 709 1384 890 1447; x_wconf 88' lang='lat' dir='ltr'>humiliter</span> <span class='ocrx_word' id='word_1_21' title='bbox 905 1383 1115 1464; x_wconf 85' lang='lat' dir='ltr'>presentavit</span> <span class='ocrx_word' id='word_1_22' title='bbox 1129 1374 1152 1445; x_wconf 88' lang='lat'>³.</span> <span class='ocrx_word' id='word_1_23' title='bbox 1203 1403 1207 1407; x_wconf 92' lang='lat'>·</span> 
     </span>
    </p>

    <p class='ocr_par' dir='ltr' id='par_1_3' title="bbox 431 1482 1652 2676">
     <span class='ocr_line' id='line_1_5' title="bbox 550 1482 1652 1564; baseline 0.002 -15"><span class='ocrx_word' id='word_1_24' title='bbox 550 1487 679 1549; x_wconf 84' lang='lat' dir='ltr'>Damno</span> <span class='ocrx_word' id='word_1_25' title='bbox 713 1492 744 1549; x_wconf 93' lang='lat' dir='ltr'>et</span> <span class='ocrx_word' id='word_1_26' title='bbox 780 1486 963 1549; x_wconf 83' lang='lat' dir='ltr'>universali</span> <span class='ocrx_word' id='word_1_27' title='bbox 996 1503 1077 1564; x_wconf 89' lang='lat' dir='ltr'>pape</span> <span class='ocrx_word' id='word_1_28' title='bbox 1115 1483 1264 1554; x_wconf 87' lang='lat' dir='ltr'>Urbano,</span> <span class='ocrx_word' id='word_1_29' title='bbox 1296 1482 1371 1559; x_wconf 82' lang='lat' dir='ltr'>filii</span> <span class='ocrx_word' id='word_1_30' title='bbox 1404 1486 1532 1547; x_wconf 79' lang='lat' dir='ltr'>ecclesie</span> <span class='ocrx_word' id='word_1_31' title='bbox 1567 1487 1652 1551; x_wconf 84' lang='lat' dir='ltr'>beati</span> 
     </span>
     <span class='ocr_line' id='line_1_6' title="bbox 471 1585 1651 1668; baseline -0.002 -14"><span class='ocrx_word' id='word_1_32' title='bbox 471 1603 482 1654; x_wconf 79' lang='grc'>5</span> <span class='ocrx_word' id='word_1_33' title='bbox 511 1589 655 1651; x_wconf 87' lang='lat' dir='ltr'>Huberti</span> <span class='ocrx_word' id='word_1_34' title='bbox 666 1606 728 1668; x_wconf 88' lang='lat' dir='ltr'>pro</span> <span class='ocrx_word' id='word_1_35' title='bbox 745 1587 932 1663; x_wconf 79' lang='lat' dir='ltr'>defensione</span> <span class='ocrx_word' id='word_1_36' title='bbox 949 1604 1022 1647; x_wconf 82' lang='lat' dir='ltr'>vere</span> <span class='ocrx_word' id='word_1_37' title='bbox 1038 1585 1122 1665; x_wconf 82' lang='lat' dir='ltr'>fidei</span> <span class='ocrx_word' id='word_1_38' title='bbox 1141 1587 1274 1667; x_wconf 89' lang='lat' dir='ltr'>ejusque</span> <span class='ocrx_word' id='word_1_39' title='bbox 1288 1585 1435 1664; x_wconf 79' lang='lat' dir='ltr'>legitimi</span> <span class='ocrx_word' id='word_1_40' title='bbox 1451 1589 1651 1662; x_wconf 85' lang='lat' dir='ltr'>apostolatus</span> 
     </span>
     <span class='ocr_line' id='line_1_7' title="bbox 509 1684 1651 1768; baseline 0.001 -18"><span class='ocrx_word' id='word_1_41' title='bbox 509 1690 599 1767; x_wconf 88' lang='lat' dir='ltr'>passi</span> <span class='ocrx_word' id='word_1_42' title='bbox 612 1689 859 1768; x_wconf 79' lang='lat' dir='ltr'>dispersionem,</span> <span class='ocrx_word' id='word_1_43' title='bbox 877 1688 912 1748; x_wconf 92' lang='lat' dir='ltr'>in</span> <span class='ocrx_word' id='word_1_44' title='bbox 927 1687 1033 1749; x_wconf 88' lang='lat' dir='ltr'>oculis</span> <span class='ocrx_word' id='word_1_45' title='bbox 1048 1686 1108 1747; x_wconf 89' lang='lat' dir='ltr'>Dei</span> <span class='ocrx_word' id='word_1_46' title='bbox 1121 1684 1210 1765; x_wconf 87' lang='lat' dir='ltr'>quod</span> <span class='ocrx_word' id='word_1_47' title='bbox 1223 1685 1348 1746; x_wconf 88' lang='lat' dir='ltr'>dicitur</span> <span class='ocrx_word' id='word_1_48' title='bbox 1365 1703 1442 1746; x_wconf 88' lang='lat' dir='ltr'>esse.</span> <span class='ocrx_word' id='word_1_49' title='bbox 1460 1686 1651 1751; x_wconf 87' lang='lat' dir='ltr'>Dormienle</span> 
     </span>
     <span class='ocr_line' id='line_1_8' title="bbox 508 1783 1649 1865; baseline -0.001 -15"><span class='ocrx_word' id='word_1_50' title='bbox 508 1790 654 1851; x_wconf 90' lang='lat' dir='ltr'>Domino</span> <span class='ocrx_word' id='word_1_51' title='bbox 664 1787 755 1864; x_wconf 78' lang='lat' dir='ltr'>lesu,</span> <span class='ocrx_word' id='word_1_52' title='bbox 773 1788 867 1849; x_wconf 85' lang='lat' dir='ltr'>navis</span> <span class='ocrx_word' id='word_1_53' title='bbox 882 1787 1060 1863; x_wconf 90' lang='lat' dir='ltr'>apostolica</span> <span class='ocrx_word' id='word_1_54' title='bbox 1077 1787 1111 1846; x_wconf 89' lang='lat' dir='ltr'>in</span> <span class='ocrx_word' id='word_1_55' title='bbox 1125 1785 1232 1846; x_wconf 88' lang='lat' dir='ltr'>medio</span> <span class='ocrx_word' id='word_1_56' title='bbox 1244 1786 1333 1845; x_wconf 89' lang='lat' dir='ltr'>mari</span> <span class='ocrx_word' id='word_1_57' title='bbox 1341 1783 1531 1865; x_wconf 83' lang='lat' dir='ltr'>jactabatur</span> <span class='ocrx_word' id='word_1_58' title='bbox 1541 1799 1556 1825; x_wconf 76' lang='lat'><em>⁶</em></span> <span class='ocrx_word' id='word_1_59' title='bbox 1556 1786 1649 1865; x_wconf 88' lang='lat' dir='ltr'>stuc·</span> 
     </span>
     <span class='ocr_line' id='line_1_9' title="bbox 508 1886 1645 1969; baseline 0.002 -18"><span class='ocrx_word' id='word_1_60' title='bbox 508 1890 596 1952; x_wconf 90' lang='lat' dir='ltr'>libus</span> <span class='ocrx_word' id='word_1_61' title='bbox 610 1891 633 1961; x_wconf 86' lang='lat'>⁴,</span> <span class='ocrx_word' id='word_1_62' title='bbox 656 1890 729 1969; x_wconf 89' lang='lat' dir='ltr'>ipso</span> <span class='ocrx_word' id='word_1_63' title='bbox 749 1907 877 1968; x_wconf 80' lang='lat' dir='ltr'>quoque</span> <span class='ocrx_word' id='word_1_64' title='bbox 898 1907 985 1950; x_wconf 88' lang='lat' dir='ltr'>nunc</span> <span class='ocrx_word' id='word_1_65' title='bbox 1005 1886 1247 1961; x_wconf 77' lang='lat' dir='ltr'>dissimulante,</span> <span class='ocrx_word' id='word_1_66' title='bbox 1270 1888 1406 1962; x_wconf 90' lang='lat' dir='ltr'>peccatis</span> <span class='ocrx_word' id='word_1_67' title='bbox 1424 1889 1645 1968; x_wconf 82' lang='lat' dir='ltr'>exigentibus,</span> 
     </span>
     <span class='ocr_line' id='line_1_10' title="bbox 508 1989 1649 2067; baseline 0.001 -15"><span class='ocrx_word' id='word_1_68' title='bbox 508 1992 626 2052; x_wconf 88' lang='lat' dir='ltr'>Sancte</span> <span class='ocrx_word' id='word_1_69' title='bbox 640 1990 781 2052; x_wconf 86' lang='lat' dir='ltr'>Ecclesie</span> <span class='ocrx_word' id='word_1_70' title='bbox 801 1991 912 2051; x_wconf 85' lang='lat' dir='ltr'>unitas</span> <span class='ocrx_word' id='word_1_71' title='bbox 935 2009 956 2051; x_wconf 95' lang='lat' dir='ltr'>a</span> <span class='ocrx_word' id='word_1_72' title='bbox 976 1989 1171 2051; x_wconf 90' lang='lat' dir='ltr'>scismalicis</span> <span class='ocrx_word' id='word_1_73' title='bbox 1191 1989 1415 2067; x_wconf 86' lang='lat' dir='ltr'>perturbatur,</span> <span class='ocrx_word' id='word_1_74' title='bbox 1432 1997 1462 2050; x_wconf 91' lang='lat' dir='ltr'>et</span> <span class='ocrx_word' id='word_1_75' title='bbox 1475 1992 1649 2055; x_wconf 86' lang='lat' dir='ltr'>amarissi-</span> 
     </span>
     <span class='ocr_line' id='line_1_11' title="bbox 455 2090 1649 2172; baseline 0.007 -25"><span class='ocrx_word' id='word_1_76' title='bbox 455 2111 482 2147; x_wconf 86' lang='grc' dir='ltr'>ιο</span> <span class='ocrx_word' id='word_1_77' title='bbox 508 2093 573 2154; x_wconf 90' lang='lat' dir='ltr'>mis</span> <span class='ocrx_word' id='word_1_78' title='bbox 600 2093 860 2170; x_wconf 80' lang='lat' dir='ltr'>persecutionum</span> <span class='ocrx_word' id='word_1_79' title='bbox 889 2091 1132 2170; x_wconf 83' lang='lat' dir='ltr'>tempestatibus</span> <span class='ocrx_word' id='word_1_80' title='bbox 1160 2091 1282 2165; x_wconf 89' lang='lat' dir='ltr'>passim</span> <span class='ocrx_word' id='word_1_81' title='bbox 1311 2092 1432 2152; x_wconf 83' lang='lat' dir='ltr'>veritas</span> <span class='ocrx_word' id='word_1_82' title='bbox 1460 2096 1491 2153; x_wconf 93' lang='lat' dir='ltr'>et</span> <span class='ocrx_word' id='word_1_83' title='bbox 1513 2090 1649 2172; x_wconf 83' lang='lat' dir='ltr'>justitia</span> 
     </span>
     <span class='ocr_line' id='line_1_12' title="bbox 508 2190 1649 2271; baseline 0.003 -17"><span class='ocrx_word' id='word_1_84' title='bbox 508 2192 739 2270; x_wconf 82' lang='lat' dir='ltr'>confunditur.</span> <span class='ocrx_word' id='word_1_85' title='bbox 767 2190 879 2270; x_wconf 80' lang='lat' dir='ltr'>Hujus</span> <span class='ocrx_word' id='word_1_86' title='bbox 903 2191 1137 2271; x_wconf 85' lang='lat' dir='ltr'>persecutionis</span> <span class='ocrx_word' id='word_1_87' title='bbox 1161 2191 1336 2268; x_wconf 89' lang='lat' dir='ltr'>procellam</span> <span class='ocrx_word' id='word_1_88' title='bbox 1358 2190 1426 2267; x_wconf 77' lang='lat' dir='ltr'>jam</span> <span class='ocrx_word' id='word_1_89' title='bbox 1454 2211 1512 2270; x_wconf 89' lang='lat' dir='ltr'>per</span> <span class='ocrx_word' id='word_1_90' title='bbox 1532 2200 1649 2270; x_wconf 80' lang='lat' dir='ltr'>septem</span> 
     </span>
     <span class='ocr_line' id='line_1_13' title="bbox 508 2291 1649 2372; baseline 0.002 -18"><span class='ocrx_word' id='word_1_91' title='bbox 508 2312 613 2355; x_wconf 91' lang='lat' dir='ltr'>annos</span> <span class='ocrx_word' id='word_1_92' title='bbox 636 2294 708 2355; x_wconf 87' lang='lat' dir='ltr'>sine</span> <span class='ocrx_word' id='word_1_93' title='bbox 728 2293 952 2372; x_wconf 76' lang='lat' dir='ltr'>refragatione</span> <span class='ocrx_word' id='word_1_94' title='bbox 971 2292 1071 2370; x_wconf 88' lang='lat' dir='ltr'>passi,</span> <span class='ocrx_word' id='word_1_95' title='bbox 1089 2292 1221 2352; x_wconf 86' lang='lat' dir='ltr'>tandem</span> <span class='ocrx_word' id='word_1_96' title='bbox 1242 2291 1286 2350; x_wconf 88' lang='lat' dir='ltr'>ad</span> <span class='ocrx_word' id='word_1_97' title='bbox 1307 2291 1483 2353; x_wconf 87' lang='lat' dir='ltr'>consilium</span> <span class='ocrx_word' id='word_1_98' title='bbox 1502 2298 1531 2355; x_wconf 90' lang='lat' dir='ltr'>el</span> <span class='ocrx_word' id='word_1_99' title='bbox 1547 2297 1649 2356; x_wconf 82' lang='lat' dir='ltr'>auxi·</span> 
     </span>
     <span class='ocr_line' id='line_1_14' title="bbox 510 2371 1649 2474; baseline 0.001 -18"><span class='ocrx_word' id='word_1_100' title='bbox 510 2397 594 2457; x_wconf 89' lang='lat' dir='ltr'>lium</span> <span class='ocrx_word' id='word_1_101' title='bbox 610 2371 757 2456; x_wconf 68' lang='lat' dir='ltr'>Rom‘ane</span> <span class='ocrx_word' id='word_1_102' title='bbox 770 2395 913 2456; x_wconf 82' lang='lat' dir='ltr'>Ecclesie</span> <span class='ocrx_word' id='word_1_103' title='bbox 927 2394 1163 2474; x_wconf 85' lang='lat' dir='ltr'>confugimus,·</span> <span class='ocrx_word' id='word_1_104' title='bbox 1184 2394 1272 2471; x_wconf 85' lang='lat' dir='ltr'>quod</span> <span class='ocrx_word' id='word_1_105' title='bbox 1285 2394 1416 2472; x_wconf 88' lang='lat' dir='ltr'>quidem</span> <span class='ocrx_word' id='word_1_106' title='bbox 1427 2392 1561 2472; x_wconf 82' lang='lat' dir='ltr'>jamdiu</span> <span class='ocrx_word' id='word_1_107' title='bbox 1577 2397 1649 2457; x_wconf 90' lang='lat' dir='ltr'>ideo</span> 
     </span>
     <span class='ocr_line' id='line_1_15' title="bbox 508 2495 1647 2573; baseline 0.003 -17"><span class='ocrx_word' id='word_1_108' title='bbox 508 2497 715 2572; x_wconf 87' lang='lat' dir='ltr'>distulimus,</span> <span class='ocrx_word' id='word_1_109' title='bbox 731 2515 771 2557; x_wconf 91' lang='lat' dir='ltr'>ne</span> <span class='ocrx_word' id='word_1_110' title='bbox 786 2495 876 2557; x_wconf 87' lang='lat' dir='ltr'>vobis</span> <span class='ocrx_word' id='word_1_111' title='bbox 896 2512 1038 2556; x_wconf 88' lang='lat' dir='ltr'>essemus</span> <span class='ocrx_word' id='word_1_112' title='bbox 1057 2495 1163 2565; x_wconf 86' lang='lat' dir='ltr'>oneri,</span> <span class='ocrx_word' id='word_1_113' title='bbox 1187 2511 1263 2554; x_wconf 89' lang='lat' dir='ltr'>cum</span> <span class='ocrx_word' id='word_1_114' title='bbox 1286 2495 1365 2556; x_wconf 88' lang='lat' dir='ltr'>usui</span> <span class='ocrx_word' id='word_1_115' title='bbox 1386 2513 1452 2556; x_wconf 92' lang='lat' dir='ltr'>non</span> <span class='ocrx_word' id='word_1_116' title='bbox 1467 2495 1647 2573; x_wconf 79' lang='lat' dir='ltr'>fuerimus.</span> 
     </span>
     <span class='ocr_line' id='line_1_16' title="bbox 431 2595 1648 2676; baseline -0.001 -16"><span class='ocrx_word' id='word_1_117' title='bbox 431 2613 470 2663; x_wconf 83' lang='lat'>¹5</span> <span class='ocrx_word' id='word_1_118' title='bbox 511 2598 591 2657; x_wconf 86' lang='lat' dir='ltr'>Post</span> <span class='ocrx_word' id='word_1_119' title='bbox 614 2598 778 2658; x_wconf 87' lang='lat' dir='ltr'>decessum</span> <span class='ocrx_word' id='word_1_120' title='bbox 807 2597 923 2657; x_wconf 90' lang='lat' dir='ltr'>domni</span> <span class='ocrx_word' id='word_1_121' title='bbox 946 2595 1086 2656; x_wconf 88' lang='lat' dir='ltr'>Henrici</span> <span class='ocrx_word' id='word_1_122' title='bbox 1109 2595 1299 2656; x_wconf 87' lang='lat' dir='ltr'>Leodiensis</span> <span class='ocrx_word' id='word_1_123' title='bbox 1326 2595 1469 2675; x_wconf 87' lang='lat' dir='ltr'>legitimi</span> <span class='ocrx_word' id='word_1_124' title='bbox 1496 2598 1648 2676; x_wconf 85' lang='lat' dir='ltr'>episcopi,</span> 
     </span>
    </p>
   </div>
   <div class='ocr_carea' id='block_1_3' title="bbox 507 2789 1652 2932">
    <p class='ocr_par' dir='ltr' id='par_1_4' title="bbox 507 2789 1652 2932">
     <span class='ocr_line' id='line_1_17' title="bbox 544 2789 1652 2860; baseline 0.006 -20"><span class='ocrx_word' id='word_1_125' title='bbox 544 2809 569 2844; x_wconf 88' lang='lat' dir='ltr'>a.</span> <span class='ocrx_word' id='word_1_126' title='bbox 588 2791 669 2842; x_wconf 87' lang='lat' dir='ltr'>Dans</span> <span class='ocrx_word' id='word_1_127' title='bbox 685 2792 723 2848; x_wconf 80' lang='lat' dir='ltr'>A.</span> <span class='ocrx_word' id='word_1_128' title='bbox 744 2809 777 2841; x_wconf 83' lang='lat' dir='ltr'>on</span> <span class='ocrx_word' id='word_1_129' title='bbox 793 2789 827 2842; x_wconf 88' lang='lat' dir='ltr'>lit</span> <span class='ocrx_word' id='word_1_130' title='bbox 843 2790 999 2858; x_wconf 86' lang='lat' dir='ltr'>jactabatur</span> <span class='ocrx_word' id='word_1_131' title='bbox 1015 2791 1045 2841; x_wconf 91' lang='lat' dir='ltr'>in</span> <span class='ocrx_word' id='word_1_132' title='bbox 1066 2791 1160 2843; x_wconf 86' lang='lat' dir='ltr'>medio</span> <span class='ocrx_word' id='word_1_133' title='bbox 1179 2792 1247 2842; x_wconf 88' lang='lat' dir='ltr'>mari</span> <span class='ocrx_word' id='word_1_134' title='bbox 1269 2790 1411 2855; x_wconf 84' lang='lat' dir='ltr'>fluctibus,</span> <span class='ocrx_word' id='word_1_135' title='bbox 1432 2794 1535 2860; x_wconf 74' lang='lat' dir='ltr'>corrigi</span> <span class='ocrx_word' id='word_1_136' title='bbox 1552 2811 1652 2847; x_wconf 80' lang='lat' dir='ltr'>comme</span> 
     </span>
     <span class='ocr_line' id='line_1_18' title="bbox 507 2878 643 2932; baseline 0.029 -5"><span class='ocrx_word' id='word_1_137' title='bbox 507 2878 643 2932; x_wconf 83' lang='lat' dir='ltr'>ci-dcssus.</span> 
     </span>
    </p>
   </div>
   <div class='ocr_carea' id='block_1_4' title="bbox 431 3184 1660 4979">
    <p class='ocr_par' dir='ltr' id='par_1_5' title="bbox 431 3184 1660 4979">
     <span class='ocr_line' id='line_1_19' title="bbox 548 3184 1655 3254; baseline 0.001 -15"><span class='ocrx_word' id='word_1_138' title='bbox 548 3196 555 3222; x_wconf 92' lang='lat'>¹</span> <span class='ocrx_word' id='word_1_139' title='bbox 574 3188 629 3239; x_wconf 86' lang='lat' dir='ltr'>Cet</span> <span class='ocrx_word' id='word_1_140' title='bbox 647 3184 810 3238; x_wconf 74' lang='lat' dir='ltr'>Heribrand</span> <span class='ocrx_word' id='word_1_141' title='bbox 827 3194 869 3237; x_wconf 90' lang='lat' dir='ltr'>est</span> <span class='ocrx_word' id='word_1_142' title='bbox 887 3200 950 3237; x_wconf 90' lang='lat' dir='ltr'>sans</span> <span class='ocrx_word' id='word_1_143' title='bbox 967 3185 1055 3237; x_wconf 88' lang='lat' dir='ltr'>doute</span> <span class='ocrx_word' id='word_1_144' title='bbox 1071 3184 1145 3236; x_wconf 88' lang='lat' dir='ltr'>celui</span> <span class='ocrx_word' id='word_1_145' title='bbox 1163 3186 1233 3237; x_wconf 88' lang='lat' dir='ltr'>dont</span> <span class='ocrx_word' id='word_1_146' title='bbox 1251 3186 1270 3236; x_wconf 93' lang='lat' dir='ltr'>il</span> <span class='ocrx_word' id='word_1_147' title='bbox 1288 3194 1332 3237; x_wconf 88' lang='lat' dir='ltr'>est</span> <span class='ocrx_word' id='word_1_148' title='bbox 1349 3186 1427 3253; x_wconf 77' lang='lat' dir='ltr'>parlb</span> <span class='ocrx_word' id='word_1_149' title='bbox 1444 3203 1472 3254; x_wconf 88' lang='lat' dir='ltr'>p.</span> <span class='ocrx_word' id='word_1_150' title='bbox 1487 3200 1517 3251; x_wconf 82' lang='lat'>25</span> <span class='ocrx_word' id='word_1_151' title='bbox 1524 3204 1532 3249; x_wconf 89' lang='lat'>;</span> <span class='ocrx_word' id='word_1_152' title='bbox 1550 3189 1620 3240; x_wconf 91' lang='lat' dir='ltr'>mais</span> <span class='ocrx_word' id='word_1_153' title='bbox 1636 3190 1655 3240; x_wconf 92' lang='lat' dir='ltr'>il</span> 
     </span>
     <span class='ocr_line' id='line_1_20' title="bbox 513 3271 1655 3340; baseline 0 -14"><span class='ocrx_word' id='word_1_154' title='bbox 513 3290 549 3327; x_wconf 86' lang='lat' dir='ltr'>ne</span> <span class='ocrx_word' id='word_1_155' title='bbox 565 3273 624 3326; x_wconf 79' lang='lat' dir='ltr'>faut</span> <span class='ocrx_word' id='word_1_156' title='bbox 640 3289 689 3340; x_wconf 88' lang='lat' dir='ltr'>pas</span> <span class='ocrx_word' id='word_1_157' title='bbox 706 3272 733 3324; x_wconf 90' lang='lat' dir='ltr'>le</span> <span class='ocrx_word' id='word_1_158' title='bbox 749 3271 904 3324; x_wconf 87' lang='lat' dir='ltr'>conlondre</span> <span class='ocrx_word' id='word_1_159' title='bbox 919 3288 987 3323; x_wconf 85' lang='lat' dir='ltr'>avec</span> <span class='ocrx_word' id='word_1_160' title='bbox 998 3271 1026 3323; x_wconf 91' lang='lat' dir='ltr'>le</span> <span class='ocrx_word' id='word_1_161' title='bbox 1039 3272 1134 3323; x_wconf 90' lang='lat' dir='ltr'>moine</span> <span class='ocrx_word' id='word_1_162' title='bbox 1146 3271 1181 3323; x_wconf 92' lang='lat' dir='ltr'>de</span> <span class='ocrx_word' id='word_1_163' title='bbox 1194 3271 1411 3324; x_wconf 75' lang='lat' dir='ltr'>Sciat-Laurent</span> <span class='ocrx_word' id='word_1_164' title='bbox 1422 3272 1459 3325; x_wconf 91' lang='lat' dir='ltr'>du</span> <span class='ocrx_word' id='word_1_165' title='bbox 1473 3276 1566 3326; x_wconf 77' lang='lat' dir='ltr'>meme</span> <span class='ocrx_word' id='word_1_166' title='bbox 1577 3290 1655 3338; x_wconf 89' lang='lat' dir='ltr'>nom,</span> 
     </span>
     <span class='ocr_line' id='line_1_21' title="bbox 431 3357 1658 3426; baseline 0.006 -21"><span class='ocrx_word' id='word_1_167' title='bbox 431 3370 464 3405; x_wconf 76' lang='grc' dir='ltr'>ε)</span> <span class='ocrx_word' id='word_1_168' title='bbox 515 3377 542 3426; x_wconf 88' lang='lat' dir='ltr'>p.</span> <span class='ocrx_word' id='word_1_169' title='bbox 559 3359 605 3421; x_wconf 84' lang='lat'>164</span> <span class='ocrx_word' id='word_1_170' title='bbox 618 3367 646 3410; x_wconf 90' lang='lat' dir='ltr'>et</span> <span class='ocrx_word' id='word_1_171' title='bbox 658 3374 686 3411; x_wconf 93' lang='lat' dir='ltr'>n.</span> <span class='ocrx_word' id='word_1_172' title='bbox 701 3371 725 3410; x_wconf 88' lang='lat'>2.</span> <span class='ocrx_word' id='word_1_173' title='bbox 743 3358 795 3409; x_wconf 90' lang='lat' dir='ltr'>J&#39;ai</span> <span class='ocrx_word' id='word_1_174' title='bbox 812 3357 927 3424; x_wconf 78' lang='lat' dir='ltr'>rappele</span> <span class='ocrx_word' id='word_1_175' title='bbox 943 3361 958 3408; x_wconf 79' lang='lat' dir='ltr'>a</span> <span class='ocrx_word' id='word_1_176' title='bbox 974 3366 1019 3409; x_wconf 90' lang='lat' dir='ltr'>cet</span> <span class='ocrx_word' id='word_1_177' title='bbox 1034 3358 1148 3409; x_wconf 86' lang='lat' dir='ltr'>endroit</span> <span class='ocrx_word' id='word_1_178' title='bbox 1164 3358 1191 3408; x_wconf 91' lang='lat' dir='ltr'>le</span> <span class='ocrx_word' id='word_1_179' title='bbox 1208 3365 1285 3409; x_wconf 84' lang='lat' dir='ltr'>texte</span> <span class='ocrx_word' id='word_1_180' title='bbox 1300 3358 1336 3409; x_wconf 92' lang='lat' dir='ltr'>de</span> <span class='ocrx_word' id='word_1_181' title='bbox 1353 3358 1459 3410; x_wconf 92' lang='lat' dir='ltr'>Renier</span> <span class='ocrx_word' id='word_1_182' title='bbox 1474 3360 1658 3412; x_wconf 78' lang='lat' dir='ltr'>attribuanta</span> 
     </span>
     <span class='ocr_line' id='line_1_22' title="bbox 516 3443 1658 3513; baseline 0.001 -16"><span class='ocrx_word' id='word_1_183' title='bbox 516 3445 677 3498; x_wconf 80' lang='lat' dir='ltr'>Heribrand</span> <span class='ocrx_word' id='word_1_184' title='bbox 697 3444 733 3496; x_wconf 88' lang='lat' dir='ltr'>de</span> <span class='ocrx_word' id='word_1_185' title='bbox 754 3443 971 3496; x_wconf 88' lang='lat' dir='ltr'>Saint·Laurent</span> <span class='ocrx_word' id='word_1_186' title='bbox 993 3460 1049 3497; x_wconf 88' lang='lat' dir='ltr'>une</span> <span class='ocrx_word' id='word_1_187' title='bbox 1072 3444 1237 3513; x_wconf 82' lang='lat' dir='ltr'>biographie</span> <span class='ocrx_word' id='word_1_188' title='bbox 1259 3446 1295 3497; x_wconf 89' lang='lat' dir='ltr'>de</span> <span class='ocrx_word' id='word_1_189' title='bbox 1315 3445 1437 3513; x_wconf 90' lang='lat' dir='ltr'>Thierry</span> <span class='ocrx_word' id='word_1_190' title='bbox 1458 3446 1485 3497; x_wconf 90' lang='lat'>11</span> <span class='ocrx_word' id='word_1_191' title='bbox 1508 3447 1544 3498; x_wconf 88' lang='lat' dir='ltr'>de</span> <span class='ocrx_word' id='word_1_192' title='bbox 1567 3446 1658 3498; x_wconf 88' lang='lat' dir='ltr'>Saint-</span> 
     </span>
     <span class='ocr_line' id='line_1_23' title="bbox 517 3531 1657 3600; baseline 0.005 -19"><span class='ocrx_word' id='word_1_193' title='bbox 517 3531 638 3593; x_wconf 88' lang='lat' dir='ltr'>Hubert,</span> <span class='ocrx_word' id='word_1_194' title='bbox 653 3532 817 3600; x_wconf 82' lang='lat' dir='ltr'>biographie</span> <span class='ocrx_word' id='word_1_195' title='bbox 829 3531 1006 3598; x_wconf 88' lang='lat' dir='ltr'>aujourd&#39;hui</span> <span class='ocrx_word' id='word_1_196' title='bbox 1019 3532 1137 3598; x_wconf 86' lang='lat' dir='ltr'>perdue.</span> <span class='ocrx_word' id='word_1_197' title='bbox 1150 3531 1176 3581; x_wconf 83' lang='lat' dir='ltr'>A</span> <span class='ocrx_word' id='word_1_198' title='bbox 1188 3532 1281 3583; x_wconf 88' lang='lat' dir='ltr'>raison</span> <span class='ocrx_word' id='word_1_199' title='bbox 1293 3532 1331 3583; x_wconf 91' lang='lat' dir='ltr'>du</span> <span class='ocrx_word' id='word_1_200' title='bbox 1344 3548 1457 3600; x_wconf 83' lang='lat' dir='ltr'>passage</span> <span class='ocrx_word' id='word_1_201' title='bbox 1475 3534 1610 3586; x_wconf 67' lang='lat' dir='ltr'>cidessus</span> <span class='ocrx_word' id='word_1_202' title='bbox 1627 3543 1657 3587; x_wconf 87' lang='lat' dir='ltr'>et</span> 
     </span>
     <span class='ocr_line' id='line_1_24' title="bbox 515 3614 1656 3684; baseline 0.006 -18"><span class='ocrx_word' id='word_1_203' title='bbox 515 3631 548 3667; x_wconf 91' lang='lat' dir='ltr'>en</span> <span class='ocrx_word' id='word_1_204' title='bbox 564 3623 664 3667; x_wconf 86' lang='lat' dir='ltr'>tenant</span> <span class='ocrx_word' id='word_1_205' title='bbox 681 3624 794 3681; x_wconf 90' lang='lat' dir='ltr'>compte</span> <span class='ocrx_word' id='word_1_206' title='bbox 806 3614 841 3666; x_wconf 92' lang='lat' dir='ltr'>de</span> <span class='ocrx_word' id='word_1_207' title='bbox 853 3616 1016 3668; x_wconf 81' lang='lat' dir='ltr'>l&#39;obscurite</span> <span class='ocrx_word' id='word_1_208' title='bbox 1028 3618 1076 3684; x_wconf 91' lang='lat' dir='ltr'>qui</span> <span class='ocrx_word' id='word_1_209' title='bbox 1088 3618 1257 3683; x_wconf 89' lang='lat' dir='ltr'>enveloppe,</span> <span class='ocrx_word' id='word_1_210' title='bbox 1272 3632 1384 3669; x_wconf 85' lang='lat' dir='ltr'>comme</span> <span class='ocrx_word' id='word_1_211' title='bbox 1394 3618 1422 3684; x_wconf 77' lang='lat' dir='ltr'>je</span> <span class='ocrx_word' id='word_1_212' title='bbox 1435 3618 1480 3669; x_wconf 89' lang='lat' dir='ltr'>l&#39;ai</span> <span class='ocrx_word' id='word_1_213' title='bbox 1493 3620 1615 3683; x_wconf 79' lang='lat' dir='ltr'>montre,</span> <span class='ocrx_word' id='word_1_214' title='bbox 1629 3621 1656 3673; x_wconf 88' lang='lat' dir='ltr'>le</span> 
     </span>
     <span class='ocr_line' id='line_1_25' title="bbox 516 3701 1656 3770; baseline 0.008 -20"><span class='ocrx_word' id='word_1_215' title='bbox 516 3701 691 3770; x_wconf 80' lang='lat' dir='ltr'>temoignage</span> <span class='ocrx_word' id='word_1_216' title='bbox 707 3702 742 3753; x_wconf 90' lang='lat' dir='ltr'>de</span> <span class='ocrx_word' id='word_1_217' title='bbox 760 3702 875 3764; x_wconf 89' lang='lat' dir='ltr'>Renier,</span> <span class='ocrx_word' id='word_1_218' title='bbox 893 3702 912 3753; x_wconf 92' lang='lat' dir='ltr'>il</span> <span class='ocrx_word' id='word_1_219' title='bbox 929 3711 971 3754; x_wconf 90' lang='lat' dir='ltr'>est</span> <span class='ocrx_word' id='word_1_220' title='bbox 987 3704 1094 3769; x_wconf 89' lang='lat' dir='ltr'>permis</span> <span class='ocrx_word' id='word_1_221' title='bbox 1109 3703 1146 3755; x_wconf 91' lang='lat' dir='ltr'>de</span> <span class='ocrx_word' id='word_1_222' title='bbox 1162 3719 1192 3755; x_wconf 92' lang='lat' dir='ltr'>se</span> <span class='ocrx_word' id='word_1_223' title='bbox 1207 3704 1361 3755; x_wconf 81' lang='lat' dir='ltr'>demandet</span> <span class='ocrx_word' id='word_1_224' title='bbox 1377 3704 1400 3755; x_wconf 92' lang='lat' dir='ltr'>si</span> <span class='ocrx_word' id='word_1_225' title='bbox 1417 3703 1523 3757; x_wconf 90' lang='lat' dir='ltr'>Renier</span> <span class='ocrx_word' id='word_1_226' title='bbox 1538 3721 1575 3758; x_wconf 90' lang='lat' dir='ltr'>ne</span> <span class='ocrx_word' id='word_1_227' title='bbox 1590 3706 1656 3760; x_wconf 86' lang='lat' dir='ltr'>s&#39;est</span> 
     </span>
     <span class='ocr_line' id='line_1_26' title="bbox 431 3788 1657 3857; baseline 0.006 -19"><span class='ocrx_word' id='word_1_228' title='bbox 431 3796 450 3807; x_wconf 81' lang='grc'>”</span> <span class='ocrx_word' id='word_1_229' title='bbox 517 3802 562 3852; x_wconf 86' lang='lat' dir='ltr'>pas</span> <span class='ocrx_word' id='word_1_230' title='bbox 579 3788 692 3854; x_wconf 89' lang='lat' dir='ltr'>trompe&#39;</span> <span class='ocrx_word' id='word_1_231' title='bbox 708 3797 737 3839; x_wconf 85' lang='lat' dir='ltr'>et</span> <span class='ocrx_word' id='word_1_232' title='bbox 753 3790 775 3840; x_wconf 88' lang='lat' dir='ltr'>si</span> <span class='ocrx_word' id='word_1_233' title='bbox 792 3788 819 3839; x_wconf 91' lang='lat' dir='ltr'>le</span> <span class='ocrx_word' id='word_1_234' title='bbox 837 3788 990 3856; x_wconf 86' lang='lat' dir='ltr'>biographe</span> <span class='ocrx_word' id='word_1_235' title='bbox 1004 3789 1040 3840; x_wconf 91' lang='lat' dir='ltr'>de</span> <span class='ocrx_word' id='word_1_236' title='bbox 1052 3789 1175 3857; x_wconf 88' lang='lat' dir='ltr'>Thierry</span> <span class='ocrx_word' id='word_1_237' title='bbox 1187 3789 1214 3841; x_wconf 90' lang='lat'>11</span> <span class='ocrx_word' id='word_1_238' title='bbox 1227 3805 1263 3841; x_wconf 89' lang='lat' dir='ltr'>ne</span> <span class='ocrx_word' id='word_1_239' title='bbox 1280 3789 1322 3841; x_wconf 83' lang='lat' dir='ltr'>tut</span> <span class='ocrx_word' id='word_1_240' title='bbox 1338 3806 1387 3857; x_wconf 88' lang='lat' dir='ltr'>pas</span> <span class='ocrx_word' id='word_1_241' title='bbox 1403 3791 1498 3857; x_wconf 87' lang='lat' dir='ltr'>plutbt</span> <span class='ocrx_word' id='word_1_242' title='bbox 1514 3801 1558 3844; x_wconf 87' lang='lat' dir='ltr'>cet</span> <span class='ocrx_word' id='word_1_243' title='bbox 1572 3793 1657 3846; x_wconf 80' lang='lat' dir='ltr'>Heri·</span> 
     </span>
     <span class='ocr_line' id='line_1_27' title="bbox 516 3870 1298 3944; baseline 0.008 -23"><span class='ocrx_word' id='word_1_244' title='bbox 516 3870 601 3925; x_wconf 87' lang='lat' dir='ltr'>brand</span> <span class='ocrx_word' id='word_1_245' title='bbox 613 3873 650 3925; x_wconf 89' lang='lat' dir='ltr'>de</span> <span class='ocrx_word' id='word_1_246' title='bbox 662 3872 877 3937; x_wconf 89' lang='lat' dir='ltr'>Saint·Hubert,</span> <span class='ocrx_word' id='word_1_247' title='bbox 889 3875 938 3942; x_wconf 90' lang='lat' dir='ltr'>qui</span> <span class='ocrx_word' id='word_1_248' title='bbox 951 3874 1156 3944; x_wconf 85' lang='lat' dir='ltr'>l&#39;accompagna</span> <span class='ocrx_word' id='word_1_249' title='bbox 1168 3879 1184 3926; x_wconf 77' lang='lat' dir='ltr'>a</span> <span class='ocrx_word' id='word_1_250' title='bbox 1197 3875 1298 3928; x_wconf 91' lang='lat' dir='ltr'>Rome.</span> 
     </span>
     <span class='ocr_line' id='line_1_28' title="bbox 544 3960 1657 4031; baseline 0.006 -19"><span class='ocrx_word' id='word_1_251' title='bbox 544 3971 552 3995; x_wconf 86' lang='lat'><strong>²</strong></span> <span class='ocrx_word' id='word_1_252' title='bbox 573 3960 630 4012; x_wconf 91' lang='lat' dir='ltr'>Sur</span> <span class='ocrx_word' id='word_1_253' title='bbox 642 3961 668 4012; x_wconf 92' lang='lat' dir='ltr'>la</span> <span class='ocrx_word' id='word_1_254' title='bbox 680 3961 815 4028; x_wconf 82' lang='lat' dir='ltr'>presence</span> <span class='ocrx_word' id='word_1_255' title='bbox 824 3961 961 4014; x_wconf 89' lang='lat' dir='ltr'>d&#39;Urbain</span> <span class='ocrx_word' id='word_1_256' title='bbox 971 3962 998 4013; x_wconf 90' lang='lat'>11</span> <span class='ocrx_word' id='word_1_257' title='bbox 1011 3965 1026 4013; x_wconf 78' lang='lat' dir='ltr'>ir</span> <span class='ocrx_word' id='word_1_258' title='bbox 1039 3962 1187 4014; x_wconf 76' lang='lat' dir='ltr'>Benevent</span> <span class='ocrx_word' id='word_1_259' title='bbox 1198 3979 1233 4015; x_wconf 89' lang='lat' dir='ltr'>en</span> <span class='ocrx_word' id='word_1_260' title='bbox 1244 3963 1316 4029; x_wconf 88' lang='lat' dir='ltr'>juin,</span> <span class='ocrx_word' id='word_1_261' title='bbox 1326 3965 1488 4031; x_wconf 86' lang='lat' dir='ltr'>septembre</span> <span class='ocrx_word' id='word_1_262' title='bbox 1499 3974 1528 4017; x_wconf 87' lang='lat' dir='ltr'>et</span> <span class='ocrx_word' id='word_1_263' title='bbox 1539 3967 1657 4019; x_wconf 87' lang='lat' dir='ltr'>octobre</span> 
     </span>
     <span class='ocr_line' id='line_1_29' title="bbox 515 4048 1654 4117; baseline 0.004 -19"><span class='ocrx_word' id='word_1_264' title='bbox 515 4049 586 4112; x_wconf 87' lang='lat'>1098,</span> <span class='ocrx_word' id='word_1_265' title='bbox 605 4062 673 4114; x_wconf 81' lang='lat' dir='ltr'>voy.</span> <span class='ocrx_word' id='word_1_266' title='bbox 693 4048 795 4109; x_wconf 68' lang='lat' dir='ltr'>Jnrrs,</span> <span class='ocrx_word' id='word_1_267' title='bbox 814 4064 889 4099; x_wconf 66' lang='lat' dir='ltr'>oriza.</span> <span class='ocrx_word' id='word_1_268' title='bbox 908 4050 967 4105; x_wconf 75' lang='lat' dir='ltr'>citi.</span> <span class='ocrx_word' id='word_1_269' title='bbox 988 4065 1036 4116; x_wconf 88' lang='lat' dir='ltr'>pp.</span> <span class='ocrx_word' id='word_1_270' title='bbox 1055 4062 1103 4115; x_wconf 85' lang='lat'>47²</span> <span class='ocrx_word' id='word_1_271' title='bbox 1123 4058 1151 4100; x_wconf 89' lang='lat' dir='ltr'>et</span> <span class='ocrx_word' id='word_1_272' title='bbox 1169 4050 1257 4110; x_wconf 84' lang='lat' dir='ltr'>suiv.;</span> <span class='ocrx_word' id='word_1_273' title='bbox 1276 4049 1326 4101; x_wconf 82' lang='lat' dir='ltr'>cir.</span> <span class='ocrx_word' id='word_1_274' title='bbox 1344 4050 1460 4114; x_wconf 81' lang='lat' dir='ltr'>MGH..</span> <span class='ocrx_word' id='word_1_275' title='bbox 1474 4051 1536 4115; x_wconf 76' lang='lat'>35„</span> <span class='ocrx_word' id='word_1_276' title='bbox 1556 4060 1577 4105; x_wconf 85' lang='lat' dir='ltr'>t.</span> <span class='ocrx_word' id='word_1_277' title='bbox 1590 4052 1654 4117; x_wconf 90' lang='lat' dir='ltr'>v11,</span> 
     </span>
     <span class='ocr_line' id='line_1_30' title="bbox 511 4133 1656 4206; baseline 0.005 -23"><span class='ocrx_word' id='word_1_278' title='bbox 511 4145 538 4193; x_wconf 88' lang='lat' dir='ltr'>p.</span> <span class='ocrx_word' id='word_1_279' title='bbox 559 4147 618 4198; x_wconf 85' lang='lat'>553.</span> <span class='ocrx_word' id='word_1_280' title='bbox 638 4133 662 4184; x_wconf 92' lang='lat' dir='ltr'>Il</span> <span class='ocrx_word' id='word_1_281' title='bbox 680 4133 758 4201; x_wconf 86' lang='lat' dir='ltr'>s&#39;agit</span> <span class='ocrx_word' id='word_1_282' title='bbox 777 4134 991 4200; x_wconf 86' lang='lat' dir='ltr'>probablement</span> <span class='ocrx_word' id='word_1_283' title='bbox 1008 4135 1043 4186; x_wconf 89' lang='lat' dir='ltr'>ici</span> <span class='ocrx_word' id='word_1_284' title='bbox 1060 4136 1137 4186; x_wconf 88' lang='lat' dir='ltr'>dela</span> <span class='ocrx_word' id='word_1_285' title='bbox 1155 4137 1294 4202; x_wconf 77' lang='lat' dir='ltr'>premiere</span> <span class='ocrx_word' id='word_1_286' title='bbox 1311 4136 1347 4187; x_wconf 89' lang='lat' dir='ltr'>de</span> <span class='ocrx_word' id='word_1_287' title='bbox 1364 4152 1410 4188; x_wconf 88' lang='lat' dir='ltr'>ces</span> <span class='ocrx_word' id='word_1_288' title='bbox 1427 4138 1504 4189; x_wconf 87' lang='lat' dir='ltr'>dates</span> <span class='ocrx_word' id='word_1_289' title='bbox 1510 4154 1517 4198; x_wconf 67' lang='grc' dir='ltr'><strong><em>ς</em></strong></span> <span class='ocrx_word' id='word_1_290' title='bbox 1537 4140 1656 4206; x_wconf 90' lang='lat' dir='ltr'>puisque</span> 
     </span>
     <span class='ocr_line' id='line_1_31' title="bbox 431 4214 1657 4292; baseline 0.01 -27"><span class='ocrx_word' id='word_1_291' title='bbox 431 4225 440 4252; x_wconf 62' lang='lat'>³</span> <span class='ocrx_word' id='word_1_292' title='bbox 510 4214 621 4282; x_wconf 83' lang='lat' dir='ltr'>Wired,</span> <span class='ocrx_word' id='word_1_293' title='bbox 639 4220 695 4272; x_wconf 80' lang='lat' dir='ltr'>cite</span> <span class='ocrx_word' id='word_1_294' title='bbox 710 4222 820 4272; x_wconf 89' lang='lat' dir='ltr'>ensuite</span> <span class='ocrx_word' id='word_1_295' title='bbox 835 4224 851 4272; x_wconf 73' lang='lat' dir='ltr'>i</span> <span class='ocrx_word' id='word_1_296' title='bbox 867 4224 1054 4288; x_wconf 88' lang='lat' dir='ltr'>comparaitre</span> <span class='ocrx_word' id='word_1_297' title='bbox 1069 4237 1105 4272; x_wconf 90' lang='lat' dir='ltr'>en</span> <span class='ocrx_word' id='word_1_298' title='bbox 1122 4237 1191 4274; x_wconf 92' lang='lat' dir='ltr'>cour</span> <span class='ocrx_word' id='word_1_299' title='bbox 1207 4224 1241 4273; x_wconf 91' lang='lat' dir='ltr'>de</span> <span class='ocrx_word' id='word_1_300' title='bbox 1259 4222 1359 4285; x_wconf 91' lang='lat' dir='ltr'>Rome,</span> <span class='ocrx_word' id='word_1_301' title='bbox 1377 4222 1418 4273; x_wconf 81' lang='lat' dir='ltr'>fut</span> <span class='ocrx_word' id='word_1_302' title='bbox 1434 4225 1590 4277; x_wconf 78' lang='lat' dir='ltr'>condamne</span> <span class='ocrx_word' id='word_1_303' title='bbox 1606 4241 1657 4292; x_wconf 92' lang='lat' dir='ltr'>par</span> 
     </span>
     <span class='ocr_line' id='line_1_32' title="bbox 500 4302 1447 4376; baseline 0.008 -25"><span class='ocrx_word' id='word_1_304' title='bbox 500 4302 608 4358; x_wconf 75' lang='lat' dir='ltr'>detaut</span> <span class='ocrx_word' id='word_1_305' title='bbox 620 4306 647 4357; x_wconf 89' lang='lat' dir='ltr'>le</span> <span class='ocrx_word' id='word_1_306' title='bbox 663 4314 699 4357; x_wconf 74' lang='lat' dir='ltr'>1⁰r</span> <span class='ocrx_word' id='word_1_307' title='bbox 710 4309 866 4359; x_wconf 86' lang='lat' dir='ltr'>novembre</span> <span class='ocrx_word' id='word_1_308' title='bbox 877 4317 1002 4370; x_wconf 84' lang='lat' dir='ltr'>survant;</span> <span class='ocrx_word' id='word_1_309' title='bbox 1017 4323 1082 4376; x_wconf 90' lang='lat' dir='ltr'>voy.</span> <span class='ocrx_word' id='word_1_310' title='bbox 1096 4309 1260 4371; x_wconf 89' lang='lat' dir='ltr'>ci-dessous,</span> <span class='ocrx_word' id='word_1_311' title='bbox 1274 4325 1298 4361; x_wconf 91' lang='lat' dir='ltr'>c.</span> <span class='ocrx_word' id='word_1_312' title='bbox 1312 4324 1341 4375; x_wconf 88' lang='lat'>9¹</span> <span class='ocrx_word' id='word_1_313' title='bbox 1357 4310 1447 4376; x_wconf 87' lang='lat'>(118).</span> 
     </span>
     <span class='ocr_line' id='line_1_33' title="bbox 542 4380 1658 4466; baseline 0.007 -22"><span class='ocrx_word' id='word_1_314' title='bbox 542 4401 554 4437; x_wconf 79' lang='lat'><strong>³</strong></span> <span class='ocrx_word' id='word_1_315' title='bbox 572 4393 625 4444; x_wconf 86' lang='lat' dir='ltr'>J&#39;ai</span> <span class='ocrx_word' id='word_1_316' title='bbox 642 4393 782 4455; x_wconf 74' lang='lat' dir='ltr'>examine,</span> <span class='ocrx_word' id='word_1_317' title='bbox 800 4395 868 4446; x_wconf 90' lang='lat' dir='ltr'>dans</span> <span class='ocrx_word' id='word_1_318' title='bbox 886 4410 952 4446; x_wconf 92' lang='lat' dir='ltr'>mon</span> <span class='ocrx_word' id='word_1_319' title='bbox 965 4380 1054 4446; x_wconf 69' lang='lat' dir='ltr'>Etude</span> <span class='ocrx_word' id='word_1_320' title='bbox 1067 4387 1191 4464; x_wconf 57' lang='lat' dir='ltr'>&#39;critique</span> <span class='ocrx_word' id='word_1_321' title='bbox 1207 4411 1254 4462; x_wconf 88' lang='lat' dir='ltr'>pp.</span> <span class='ocrx_word' id='word_1_322' title='bbox 1271 4410 1316 4459; x_wconf 81' lang='lat'>133</span> <span class='ocrx_word' id='word_1_323' title='bbox 1329 4403 1358 4447; x_wconf 88' lang='lat' dir='ltr'>et</span> <span class='ocrx_word' id='word_1_324' title='bbox 1374 4397 1458 4459; x_wconf 62' lang='lat' dir='ltr'>suin,</span> <span class='ocrx_word' id='word_1_325' title='bbox 1471 4398 1512 4449; x_wconf 92' lang='lat' dir='ltr'>les</span> <span class='ocrx_word' id='word_1_326' title='bbox 1527 4408 1658 4466; x_wconf 86' lang='lat' dir='ltr'>rapports</span> 
     </span>
     <span class='ocr_line' id='line_1_34' title="bbox 490 4470 1658 4554; baseline 0.012 -28"><span class='ocrx_word' id='word_1_327' title='bbox 490 4470 541 4524; x_wconf 82' lang='lat' dir='ltr'>de</span> <span class='ocrx_word' id='word_1_328' title='bbox 560 4485 636 4529; x_wconf 86' lang='lat' dir='ltr'>cette</span> <span class='ocrx_word' id='word_1_329' title='bbox 653 4478 739 4530; x_wconf 89' lang='lat' dir='ltr'>lettre</span> <span class='ocrx_word' id='word_1_330' title='bbox 755 4479 791 4530; x_wconf 89' lang='lat' dir='ltr'>de</span> <span class='ocrx_word' id='word_1_331' title='bbox 803 4479 924 4548; x_wconf 88' lang='lat' dir='ltr'>Thierry</span> <span class='ocrx_word' id='word_1_332' title='bbox 938 4480 964 4531; x_wconf 90' lang='grc' dir='ltr'>ΙΙ</span> <span class='ocrx_word' id='word_1_333' title='bbox 978 4496 1046 4532; x_wconf 87' lang='lat' dir='ltr'>avec</span> <span class='ocrx_word' id='word_1_334' title='bbox 1058 4481 1085 4532; x_wconf 87' lang='lat' dir='ltr'>le</span> <span class='ocrx_word' id='word_1_335' title='bbox 1097 4480 1168 4533; x_wconf 76' lang='lat' dir='ltr'>recit</span> <span class='ocrx_word' id='word_1_336' title='bbox 1183 4481 1328 4534; x_wconf 78' lang='lat' dir='ltr'>anterieur</span> <span class='ocrx_word' id='word_1_337' title='bbox 1341 4482 1377 4534; x_wconf 90' lang='lat' dir='ltr'>de</span> <span class='ocrx_word' id='word_1_338' title='bbox 1389 4481 1415 4534; x_wconf 92' lang='lat' dir='ltr'>la</span> <span class='ocrx_word' id='word_1_339' title='bbox 1430 4483 1582 4553; x_wconf 77' lang='lat' dir='ltr'>chronique</span> <span class='ocrx_word' id='word_1_340' title='bbox 1586 4502 1594 4547; x_wconf 82' lang='lat'>;</span> <span class='ocrx_word' id='word_1_341' title='bbox 1611 4486 1658 4554; x_wconf 85' lang='lat' dir='ltr'>j&#39;ai</span> 
     </span>
     <span class='ocr_line' id='line_1_35' title="bbox 489 4563 1660 4637; baseline 0.015 -27"><span class='ocrx_word' id='word_1_342' title='bbox 489 4563 624 4626; x_wconf 86' lang='lat' dir='ltr'>conclu,</span> <span class='ocrx_word' id='word_1_343' title='bbox 644 4565 865 4617; x_wconf 86' lang='lat' dir='ltr'>contrairement</span> <span class='ocrx_word' id='word_1_344' title='bbox 882 4569 898 4617; x_wconf 74' lang='lat' dir='ltr'>a</span> <span class='ocrx_word' id='word_1_345' title='bbox 916 4566 995 4619; x_wconf 86' lang='lat' dir='ltr'>l&#39;avis</span> <span class='ocrx_word' id='word_1_346' title='bbox 1012 4568 1048 4619; x_wconf 93' lang='lat' dir='ltr'>de</span> <span class='ocrx_word' id='word_1_347' title='bbox 1067 4567 1206 4631; x_wconf 87' lang='lat' dir='ltr'>Krollick,</span> <span class='ocrx_word' id='word_1_348' title='bbox 1225 4585 1281 4637; x_wconf 88' lang='lat' dir='ltr'>que</span> <span class='ocrx_word' id='word_1_349' title='bbox 1298 4569 1325 4621; x_wconf 92' lang='lat' dir='ltr'>le</span> <span class='ocrx_word' id='word_1_350' title='bbox 1342 4570 1412 4622; x_wconf 74' lang='lat' dir='ltr'>tecit</span> <span class='ocrx_word' id='word_1_351' title='bbox 1429 4570 1465 4622; x_wconf 88' lang='lat' dir='ltr'>de</span> <span class='ocrx_word' id='word_1_352' title='bbox 1482 4571 1618 4626; x_wconf 85' lang='lat' dir='ltr'>Lambert</span> <span class='ocrx_word' id='word_1_353' title='bbox 1630 4575 1660 4628; x_wconf 87' lang='lat' dir='ltr'>le</span> 
     </span>
     <span class='ocr_line' id='line_1_36' title="bbox 488 4640 1660 4729; baseline 0.013 -30"><span class='ocrx_word' id='word_1_354' title='bbox 488 4640 606 4702; x_wconf 78' lang='lat' dir='ltr'>Jeune</span> <span class='ocrx_word' id='word_1_355' title='bbox 623 4660 651 4703; x_wconf 89' lang='lat' dir='ltr'>et</span> <span class='ocrx_word' id='word_1_356' title='bbox 669 4652 743 4704; x_wconf 87' lang='lat' dir='ltr'>celui</span> <span class='ocrx_word' id='word_1_357' title='bbox 761 4653 797 4704; x_wconf 88' lang='lat' dir='ltr'>de</span> <span class='ocrx_word' id='word_1_358' title='bbox 814 4653 936 4721; x_wconf 86' lang='lat' dir='ltr'>Thierry</span> <span class='ocrx_word' id='word_1_359' title='bbox 955 4654 981 4705; x_wconf 95' lang='lat' dir='ltr'>II</span> <span class='ocrx_word' id='word_1_360' title='bbox 1003 4657 1177 4709; x_wconf 86' lang='lat' dir='ltr'>concordent</span> <span class='ocrx_word' id='word_1_361' title='bbox 1194 4655 1404 4723; x_wconf 82' lang='lat' dir='ltr'>parfaitement;</span> <span class='ocrx_word' id='word_1_362' title='bbox 1423 4657 1450 4725; x_wconf 86' lang='lat' dir='ltr'>je</span> <span class='ocrx_word' id='word_1_363' title='bbox 1467 4674 1503 4710; x_wconf 93' lang='lat' dir='ltr'>ne</span> <span class='ocrx_word' id='word_1_364' title='bbox 1523 4661 1587 4727; x_wconf 89' lang='lat' dir='ltr'>puis</span> <span class='ocrx_word' id='word_1_365' title='bbox 1603 4677 1660 4729; x_wconf 90' lang='lat' dir='ltr'>que</span> 
     </span>
     <span class='ocr_line' id='line_1_37' title="bbox 493 4732 1658 4810; baseline 0.012 -24"><span class='ocrx_word' id='word_1_366' title='bbox 493 4732 629 4801; x_wconf 70' lang='lat' dir='ltr'>repetet</span> <span class='ocrx_word' id='word_1_367' title='bbox 644 4746 719 4789; x_wconf 89' lang='lat' dir='ltr'>cette</span> <span class='ocrx_word' id='word_1_368' title='bbox 737 4739 901 4792; x_wconf 89' lang='lat' dir='ltr'>conclusion</span> <span class='ocrx_word' id='word_1_369' title='bbox 919 4748 947 4791; x_wconf 91' lang='lat' dir='ltr'>et</span> <span class='ocrx_word' id='word_1_370' title='bbox 970 4756 1110 4810; x_wconf 88' lang='lat' dir='ltr'>renvoyer</span> <span class='ocrx_word' id='word_1_371' title='bbox 1130 4742 1157 4793; x_wconf 88' lang='lat' dir='ltr'>le</span> <span class='ocrx_word' id='word_1_372' title='bbox 1177 4743 1286 4795; x_wconf 89' lang='lat' dir='ltr'>lecteur</span> <span class='ocrx_word' id='word_1_373' title='bbox 1306 4746 1321 4793; x_wconf 75' lang='lat' dir='ltr'>a</span> <span class='ocrx_word' id='word_1_374' title='bbox 1341 4752 1416 4796; x_wconf 86' lang='lat' dir='ltr'>cette</span> <span class='ocrx_word' id='word_1_375' title='bbox 1435 4744 1658 4801; x_wconf 77' lang='lat' dir='ltr'>demonstration</span> 
     </span>
     <span class='ocr_line' id='line_1_38' title="bbox 489 4814 657 4877; baseline 0.054 -9"><span class='ocrx_word' id='word_1_376' title='bbox 489 4814 657 4877; x_wconf 72' lang='lat' dir='ltr'>detaillee.</span> 
     </span>
     <span class='ocr_line' id='line_1_39' title="bbox 545 4896 1048 4979; baseline 0.02 -20"><span class='ocrx_word' id='word_1_377' title='bbox 545 4917 562 4947; x_wconf 75' lang='lat'><strong>⁴</strong></span> <span class='ocrx_word' id='word_1_378' title='bbox 583 4906 680 4976; x_wconf 71' lang='lat' dir='ltr'>Marc,</span> <span class='ocrx_word' id='word_1_379' title='bbox 694 4896 811 4979; x_wconf 68' lang='lat' dir='ltr'>Evang„</span> <span class='ocrx_word' id='word_1_380' title='bbox 826 4912 875 4970; x_wconf 81' lang='lat' dir='ltr'>lv,</span> <span class='ocrx_word' id='word_1_381' title='bbox 891 4926 921 4978; x_wconf 82' lang='lat'>35</span> <span class='ocrx_word' id='word_1_382' title='bbox 934 4923 962 4966; x_wconf 90' lang='lat' dir='ltr'>et</span> <span class='ocrx_word' id='word_1_383' title='bbox 975 4915 1048 4969; x_wconf 82' lang='lat' dir='ltr'>suiv.</span> 
     </span>
    </p>
   </div>
   <div class='ocr_carea' id='block_1_5' title="bbox 0 0 2235 6116">
    <p class='ocr_par' dir='ltr' id='par_1_6' title="bbox 0 0 2235 6116">
     <span class='ocr_line' id='line_1_40' title="bbox 0 0 2235 6116; baseline 0 0"><span class='ocrx_word' id='word_1_384' title='bbox 0 0 2235 6116; x_wconf 95' lang='lat' dir='ltr'> </span> 
     </span>
    </p>
   </div>
  </div>
 </body>
</html>
