4450 6125
830 873 985 957 Sancti
1014 876 1224 959 Huberti.
1551 879 1605 988 73

466 1172 705 1235 Alexandrum
741 1173 897 1250 papam¹
927 1174 1106 1237 ordinatus
1140 1176 1302 1238 Lucensis
1333 1177 1524 1256 episeopus,
1555 1177 1608 1237 vir
1661 1182 1734 1237 1074·

464 1276 675 1338 ammodum
706 1274 894 1354 religiosus
923 1285 956 1336 et
983 1293 1049 1335 non
1081 1278 1191 1338 multo
1216 1279 1326 1356 post²
1354 1275 1443 1339 felici
1469 1296 1607 1340 excessu

467 1376 736 1439 clarescentibus
752 1375 925 1437 miraculis
937 1367 948 1402 ³
958 1377 1047 1438 inter
1057 1389 1223 1440 sanctosa
1238 1380 1384 1442 Domino
1396 1389 1607 1459 assumptus

475 1476 575 1538 llunc
590 1476 631 1537 ad
649 1477 808 1536 abbatem
826 1476 928 1545 misit,
945 1489 977 1538 et
994 1487 1032 1539 ut
1043 1479 1201 1558 superins
1212 1481 1410 1542 ascenderet
1422 1479 1608 1541 mandavit.

476 1577 517 1639 Et
532 1594 611 1638 cum
628 1576 797 1640 obedienti
812 1577 907 1638 sedes
918 1578 1058 1649 deesset,
1074 1580 1249 1641 Mathildis
1264 1598 1446 1661 assurgens
1456 1580 1487 1641 ei
1498 1598 1610 1651 suam,

476 1683 514 1739 ut
529 1686 603 1739 erat
618 1690 746 1756 parata,
765 1678 967 1750 transmisit,
985 1679 1189 1742 mirantibus
1208 1682 1419 1762 cunctisque
1435 1694 1521 1744 esset
1537 1698 1612 1761 per·

474 1796 558 1840 sona
569 1786 663 1839 tante
678 1779 769 1857 apud
786 1796 861 1839 eam
877 1777 1065 1860 dignitatis.
1082 1782 1299 1844 Discessurus
1314 1790 1429 1844 autem
1446 1783 1481 1843 in
1495 1783 1611 1845 crasti-

473 1897 572 1947 num,
590 1898 670 1941 cum
686 1881 727 1948 ei,
746 1879 835 1941 inter
849 1892 960 1942 cetera
976 1880 1217 1945 familiaritatis
1231 1884 1410 1965 colloquia,
1428 1885 1611 1964 deceptum

476 1998 545 2042 sea
562 1979 744 2042 Godelrido
759 1982 799 2041 de
820 1981 1005 2043 elemosina
1025 1983 1131 2061 patris
1150 1982 1305 2063 [diceret]
1316 1996 1343 2056 ⁶,
1364 1984 1421 2044 illa
1442 1983 1616 2062 superbis

431 2100 438 2132 1
476 2079 645 2143 domnum
674 2099 796 2162 papam
822 2084 1072 2144 consulendum
1099 2084 1286 2163 respondit,
1311 2094 1345 2147 et
1367 2095 1406 2147 ut
1429 2083 1615 2146 faciliorem

476 2183 611 2244 aditum
634 2182 802 2243 inveniret
823 2182 915 2262 apud
943 2200 1022 2244 eum
1049 2185 1225 2261 optinendi
1252 2203 1318 2265 que
1345 2186 1455 2254 vellet,
1484 2184 1616 2245 litteras

477 2281 506 2341 ei
532 2282 785 2361 deprecatorias
812 2283 1018 2360 composuit,
1045 2301 1131 2363 quas
1156 2285 1369 2363 apostolico⁴
1394 2285 1552 2346 redderet
1575 2301 1616 2344 ex

478 2381 615 2442 nomine
636 2381 822 2454 mathildis,
839 2382 967 2444 indicta
990 2385 1020 2443 ei
1043 2383 1237 2444 conditione
1254 2402 1314 2463 per
1336 2403 1371 2444 se
1394 2383 1560 2445 redeundi
1583 2392 1617 2445 et

478 2500 542 2561 que
566 2481 629 2543 sibi
651 2481 825 2543 evenirent
848 2482 896 2542 illi
911 2482 1089 2545 referendi.
1106 2485 1253 2546 Veniens
1274 2503 1357 2564 ergo
1373 2486 1517 2547 Romam
1534 2503 1615 2547 cum

431 2593 456 2645 ¹5
479 2582 646 2662 episcopo
663 2584 792 2644 litteras
810 2583 984 2645 lllathildis
1000 2586 1207 2663 presentavit
1221 2585 1419 2665 apostolico,
1436 2595 1469 2647 et
1487 2604 1547 2665 per
1561 2604 1617 2647 eas

478 2685 738 2744 commendatus
762 2693 939 2763 gratanter
963 2695 1142 2763 susceptus
1167 2695 1216 2745 est
1243 2687 1285 2746 ab
1311 2703 1362 2746 eo.
1392 2686 1455 2747 Per
1484 2695 1616 2764 septem

478 2795 593 2846 autem
608 2784 681 2845 dies
703 2785 737 2844 in
761 2786 846 2845 urbe
861 2784 1071 2862 demoratus,
1088 2795 1121 2847 et
1142 2786 1241 2865 eujus
1262 2796 1349 2848 esset
1364 2787 1432 2849 vite
1451 2797 1484 2848 et
1499 2786 1616 2866 probi-

479 2885 557 2947 tatis
573 2895 779 2963 perspectus,
793 2885 878 2946 adeo
890 2884 999 2947 factus
1014 2895 1065 2947 est
1078 2905 1162 2966 pape
1178 2887 1333 2961 dilectus,
1348 2899 1385 2950 ut
1397 2889 1451 2948 die
1463 2888 1615 2968 quadam

479 2986 521 3047 ab
543 2988 625 3048 hora
650 2986 760 3067 prima
777 2977 799 3057 ⁵,
823 2988 856 3046 in
874 3005 967 3047 sacra
989 2989 1119 3066 capella
1139 3007 1205 3068 que
1225 2989 1352 3050 dicitur
1374 3015 1386 3041 n
1406 2992 1447 3048 nd
1466 2997 1615 3049 sanctum

431 3158 455 3195 to
511 3168 537 3202 a.
558 3166 672 3217 mnnquc
684 3150 750 3198 dnns
762 3150 798 3200 A.

515 3372 522 3397 ¹
543 3361 703 3413 Alexandre
723 3362 758 3422 ll,
778 3378 849 3428 pape
866 3363 901 3413 de
923 3363 982 3413 1061
1003 3366 1018 3412 a
1043 3376 1115 3425 1073,
1136 3364 1208 3414 avait
1230 3363 1274 3413 cte
1294 3363 1401 3430 extaque
1421 3365 1456 3415 de
1478 3364 1618 3431 LucqueS,

478 3451 514 3502 de
529 3449 707 3515 1057a1061.

515 3546 524 3571 ²
544 3536 605 3587 Non
630 3536 714 3586 multo
731 3541 799 3603 post,
823 3536 881 3586 cela
905 3536 975 3586 n'est
999 3552 1047 3602 pas
1071 3537 1313 3602 rigoureusement
1336 3546 1426 3596 exact,
1451 3537 1569 3603 puisque
1593 3536 1620 3586 le

480 3639 594 3690 passage
610 3623 746 3674 ci-dessus
762 3623 796 3672 de
814 3621 839 3672 la
859 3621 1011 3689 chronique
1025 3637 1054 3672 se
1071 3631 1204 3687 rapporte
1222 3625 1237 3671 a
1257 3635 1319 3687 1074
1337 3632 1365 3672 et
1384 3622 1568 3689 qu’Anselme
1583 3638 1620 3673 ne

431 3728 448 3779 Ὶ5
480 3720 596 3760 1110111111
612 3710 695 3776 qu'en
716 3708 787 3759 1086.
807 3707 879 3759 Mais
896 3708 914 3759 il
932 3725 968 3759 ne
985 3708 1042 3758 saut
1059 3724 1106 3773 pas
1123 3709 1225 3774 perdre
1240 3710 1275 3759 de
1292 3725 1346 3759 vue
1362 3725 1416 3776 que
1429 3709 1454 3759 la
1470 3708 1621 3776 Chroniqne

478 3796 524 3847 n'a
541 3812 589 3862 pas
604 3796 649 3846 ete
666 3795 846 3848 commencee
861 3804 944 3846 avant
961 3795 1001 3845 les
1019 3803 1112 3845 toules
1128 3794 1272 3845 dernieres
1286 3796 1390 3846 annees
1406 3795 1443 3846 du
1456 3795 1509 3846 ΧΙο
1520 3795 1606 3847 siecle
1611 3812 1618 3856 ;

476 3898 542 3951 voy.
558 3899 624 3935 mon
637 3868 725 3932 Etudc
736 3884 856 3949 critique,
874 3898 900 3947 p.
916 3896 955 3944 33,

510 3977 521 4016 ³
541 3969 581 4021 La
606 3970 769 4037 biographie
790 3969 955 4019 d'Anselme
975 3969 1077 4034 appuie
1097 3976 1171 4019 cette
1191 3970 1328 4020 assertion
1349 3969 1384 4020 de
1404 3979 1487 4020 notre
1510 3971 1621 4021 chroni-

476 4073 582 4125 queur:
597 4056 652 4108 elle
666 4057 705 4108 lui
717 4055 840 4106 attribue
852 4056 886 4106 de
899 4056 1057 4106 nombreux
1071 4055 1209 4116 miracles,
1224 4056 1347 4121 pendant
1360 4072 1388 4106 sa
1401 4057 1447 4106 vie
1459 4066 1487 4106 et
1500 4060 1581 4122 apres
1592 4073 1621 4107 sa

431 4162 443 4198 3
476 4152 554 4196 mort
561 4161 567 4204 ;
585 4144 644 4195 l'un
660 4143 743 4194 d'eux
760 4143 860 4192 merite
878 4142 967 4193 d’etre
987 4142 1041 4192 cite
1063 4159 1068 4193 :
1089 4141 1279 4191 nobilissimam
1301 4142 1437 4191 dominnm
1456 4140 1621 4192 Mathildnnt

475 4232 590 4281 diversis
607 4246 682 4296 saepe
698 4228 730 4279 nb
749 4226 952 4294 infirmitatibus
969 4229 1075 4277 sanavit
1092 4227 1147 4277 sola
1165 4226 1354 4282 benedictione
1371 4235 1403 4282 ct,
1427 4236 1456 4277 ut
1474 4230 1530 4293 ipsa
1550 4227 1621 4277 nobis

473 4324 647 4368 consueverat
657 4317 765 4381 referre,
781 4317 906 4364 virtutem
912 4315 1069 4382 frequenter
1083 4313 1115 4363 ab
1132 4313 1177 4363 illo
1193 4316 1275 4363 sensit
1285 4315 1367 4368 exire,
1383 4315 1420 4363 ita
1434 4321 1464 4363 nt
1474 4314 1510 4363 nd
1520 4321 1620 4364 tactum

471 4403 662 4469 illiusfugeret
670 4405 756 4453 omnis
766 4410 829 4451 tunc
838 4400 991 4451 incumbens
1000 4400 1114 4455 morbus,
1126 4400 1208 4450 Acta
1219 4399 1401 4451 SANCTORUM
1410 4413 1478 4452 ORD.
1489 4398 1516 4451 S.
1528 4399 1621 4450 BENE-

476 4503 558 4541 chTt
570 4506 637 4540 saec.
658 4489 701 4550 Vl,
714 4505 778 4555 pars
789 4487 914 4550 secunda,
929 4505 956 4554 p.
971 4489 1029 4550 483.

431 4597 437 4645 ς
482 4589 492 4603 ·
508 4585 521 4620 4
538 4575 621 4626 Certe
637 4574 818 4641 appellation,
835 4573 950 4625 d'abord
966 4588 1118 4624 commune
1133 4575 1148 4622 a
1165 4580 1229 4623 tous
1246 4572 1287 4622 les
1303 4571 1435 4639 eveques,
1449 4571 1491 4622 lut
1509 4574 1619 4624 ensuite

476 4662 611 4714 reservee
622 4678 656 4713 au
670 4660 753 4727 Pape.

509 4755 519 4791 5
537 4750 577 4799 La
597 4749 737 4814 premiere
757 4749 853 4805 heure,
871 4745 981 4810 d’aptes
1000 4744 1103 4809 l'usage
1123 4744 1173 4794 des
1193 4744 1306 4794 anciens
1329 4742 1464 4794 Romains
1484 4745 1532 4810 qui
1553 4744 1618 4794 s'est

470 4836 613 4904 perpetue
630 4829 698 4885 dan's
719 4834 744 4884 la
762 4833 885 4901 liturgic,
904 4845 1064 4882 commence
1082 4833 1096 4880 a
1115 4829 1131 4880 6
1149 4830 1251 4879 heures
1268 4830 1306 4880 du
1327 4831 1424 4881 matin.
1445 4830 1525 4892 Mais,
1547 4831 1617 4880 ainsi

472 4924 630 4983 entendue,
647 4921 804 4973 l’assertion
820 4920 856 4970 de
871 4928 953 4969 notre
972 4918 1123 4983 chronique
1142 4916 1258 4983 devient
1275 4932 1328 4981 peu
1347 4916 1574 4968 vraisemblable.
1596 4917 1618 4967 ll

431 5031 441 5068 1
478 5011 562 5077 s'agit
575 5009 609 5060 ici
623 5008 658 5060 de
670 5008 696 5058 la
708 5008 848 5073 premiere
861 5007 948 5056 heure
959 5007 1040 5070 apres
1054 5003 1120 5053 midi
1129 5019 1135 5061 ;
1150 5001 1184 5053 ci.
1198 5001 1362 5061 cidessous,
1376 5018 1400 5052 c.
1416 5014 1445 5065 53
1460 5002 1543 5067 (67.).
