4450 6125
869 725 1026 810 Sancti
1055 721 1268 807 liuberti.
1323 776 1325 780 -
1522 755 1640 840 „199

471 1049 481 1086 ·.
496 1020 695 1102 patefecerit
714 1025 756 1086 ad
778 1024 956 1088 ecclesiam
980 1042 1079 1088 suam
1109 1022 1319 1100 revertendi;
1345 1024 1472 1087 rediret
1490 1035 1637 1106 quanto-

494 1123 578 1200 cius,
594 1125 694 1188 sicuti
713 1134 747 1188 et
766 1125 890 1189 fecerat
906 1126 1132 1209 Berengerus,
1150 1143 1203 1200 ne,
1218 1143 1259 1187 eo
1273 1134 1464 1201 cunctante,
1485 1128 1637 1192 eveniret

472 1224 617 1307 -aliquis
641 1228 778 1290 sinister
801 1236 960 1303 eventus;
987 1245 1050 1290 sua
1075 1228 1180 1289 etiam
1205 1227 1342 1290 ecclesie
1367 1225 1506 1292 referret
1533 1247 1633 1294 orna·

495 1337 620 1403 menta,
637 1347 705 1411 que
719 1329 799 1391 inde
818 1328 1029 1393 substulerat
1048 1328 1202 1390 salvandi
1217 1329 1340 1410 gratia.
1359 1328 1511 1393 Firmato
1525 1329 1633 1413 igitur

451 1451 463 1501 ς
491 1428 640 1502 consilio,
671 1429 868 1492 decernitur
899 1438 1036 1519 tempus
1067 1431 1108 1491 ad
1143 1446 1216 1491 rem
1248 1431 1496 1510 exequendam,
1527 1440 1561 1495 et
1589 1451 1631 1495 ex

475 1547 654 1592 ,consensu
692 1530 841 1593 Dodonis
874 1530 1062 1611 assumptis
1099 1548 1216 1592 secum
1251 1531 1475 1607 ornamentis,
1517 1534 1629 1596 media

476 1635 585 1693 'nocte
606 1631 783 1693 castellum
808 1631 902 1707 exiit,
928 1631 1045 1714 sicque
1070 1631 1264 1713 insequenti
1291 1649 1434 1711 vespera
1460 1633 1628 1717 Fredego·

489 1730 605 1792 rium¹
638 1731 743 1794 venit.
779 1733 919 1796 Postera
953 1733 1007 1794 die
1041 1731 1216 1813 dispositis
1251 1750 1313 1811 per
1348 1732 1420 1796 loca
1454 1745 1625 1814 oportuna

486 1833 660 1909 custodiis,
688 1834 800 1913 primo
825 1836 938 1898 adbuc
964 1852 1076 1910 mane,
1100 1834 1136 1896 in
1161 1844 1322 1917 querceto
1346 1836 1438 1917 quod
1464 1837 1625 1904 imminet

431 1957 461 1997 ιο
487 1933 693 1996 monasterio
724 1935 909 2010 descendit,
941 1936 1178 2017 promissoque
1210 1935 1252 1997 ad
1286 1933 1409 1998 fratres
1441 1936 1625 2002 Lamberto

485 2033 623 2116 majore,
638 2037 814 2099 mandavit
826 2055 862 2099 se
876 2054 935 2099 eos
949 2037 1094 2099 revisere
1107 2044 1250 2118 paterno
1264 2036 1400 2111 affectu,
1412 2038 1488 2115 subi
1493 2056 1625 2121 ungens

484 2146 522 2198 ut
537 2137 633 2199 nullo
655 2137 759 2199 modo
779 2156 813 2199 se
835 2146 1048 2213 vererentur,
1072 2138 1101 2199 si
1123 2137 1206 2219 quid
1228 2138 1449 2201 excessissent
1469 2157 1530 2220 per
1552 2150 1623 2204 tam

483 2237 593 2301 varios
619 2257 735 2301 rerum
761 2252 913 2303 eventus.
937 2241 988 2302 Ad
1012 2241 1075 2301 hec
1100 2238 1312 2320 quibusdam
1335 2241 1471 2301 conscio
1493 2241 1624 2319 pudore

481 2339 672 2415 silentibus,
688 2341 897 2422 quibusdam
913 2358 993 2403 vero
1009 2341 1132 2404 timore
1147 2339 1281 2403 Otberti
1302 2357 1345 2402 ne
1364 2338 1512 2403 facerent
1527 2343 1620 2424 quod

441 2459 453 2519 ς
482 2441 641 2503 nolebant
658 2443 922 2522 opponentibus,
939 2444 1079 2504 tandem
1102 2441 1286 2504 meliorum
1307 2441 1458 2504 obtinuit
1478 2460 1621 2506 consen·

478 2559 548 2614 sus,
563 2552 612 2616 ut,
626 2543 716 2622 quod
730 2560 786 2604 eos
798 2544 949 2618 decebat,
964 2542 1096 2621 justicie
1108 2550 1142 2604 et
1154 2542 1290 2605 veritati
1301 2543 1517 2606 consulerent
1531 2557 1547 2583 ⁰
1561 2545 1619 2607 eti

478 2643 658 2715 honestati,
674 2651 780 2723 utque
800 2644 914 2706 abbati
930 2661 993 2723 pro
1008 2643 1147 2707 Christo
1164 2642 1308 2706 exilium
1325 2661 1425 2724 passo
1442 2654 1619 2727 gratanter

477 2744 709 2823 procederent,
736 2762 885 2824 eumque
914 2763 978 2825 pro
1002 2762 1065 2806 suo
1090 2753 1368 2827 recognoscentes
1394 2746 1615 2813 honorarent.

478 2843 536 2905 His
550 2845 663 2907 abbati
680 2845 807 2918 relatis,
826 2846 1087 2923 procedentibus
1108 2845 1172 2907 sibi
1195 2843 1358 2908 fratribus
1380 2846 1560 2909 humiliter
1582 2868 1617 2912 se

431 2974 452 3010 ω
478 2944 693 3024 presentavit,
710 2955 743 3006 et
760 2944 1046 3026 prosequentibus
1059 2963 1141 3007 eum
1157 2946 1211 3007 his
1231 2945 1290 3025 qui
1312 2963 1428 3008 secum
1451 2948 1614 3026 exierant,

475 3045 742 3127 quampluribus
763 3065 901 3127 quoque
922 3045 981 3127 qui
1004 3045 1123 3108 audito
1143 3046 1217 3127 ejus
1238 3045 1354 3110 reditu
1370 3060 1612 3122 convenerant,

474 3165 552 3208 cum
571 3148 629 3209 Dei
647 3148 806 3210 laudibus
826 3148 1001 3230 ingressus
1022 3159 1073 3211 est
1094 3149 1284 3212 ecclesiam.
1309 3151 1437 3213 Deinde
1454 3169 1614 3215 renume-

473 3247 554 3311 ratis
589 3250 641 3310 vel
678 3249 824 3312 ostensis
860 3249 993 3330 publice
1024 3251 1237 3313 ornamentis
1269 3269 1337 3333 que
1368 3253 1543 3329 retulerat,
1575 3254 1611 3317 in

472 3359 640 3413 conventu
669 3349 816 3413 fratrum
845 3351 951 3425 venit,
974 3361 1007 3415 et
1034 3359 1106 3413 tam
1133 3354 1175 3414 de
1206 3355 1449 3417 communione
1476 3355 1610 3420 Otberti

431 3469 576 3533 ;quam
601 3452 642 3513 de
668 3452 878 3527 subjectione
906 3453 1111 3534 lngobrandi
1137 3453 1273 3532 culpam
1299 3472 1399 3516 suam
1424 3454 1609 3521 fatentibus

446 3551 691 3631 'penitentiam
724 3553 860 3629 indixit,
894 3554 1010 3634 sicque
1044 3554 1219 3618 absolutus
1253 3555 1469 3619 deosculatus
1501 3559 1607 3639 priori

469 3656 632 3717 sententie
648 3654 856 3718 reformavit.

507 3757 553 3818 De
572 3758 725 3837 predicto
742 3767 859 3819 autem
879 3757 1015 3819 ecclesie
1030 3758 1194 3822 thesauro
1207 3758 1437 3834 commiserat,
1454 3761 1605 3842 interpo-

465 3856 525 3919 sita
545 3856 623 3919 fidei
644 3877 702 3919 sue
722 3858 914 3938 sponsione,
937 3857 1123 3937 Rodulpho
1138 3858 1351 3933 vilantiensi,
1373 3859 1498 3923 scilicet
1518 3862 1604 3925 duas

466 3943 586 4037 cappas
601 3967 634 4019 et
649 3966 784 4020 textum
800 3958 1034 4041 evangelicum
1048 3970 1158 4020 ‘auro
1173 3968 1207 4022 et
1221 3960 1369 4041 gemmis
1383 3960 1599 4041 insignitum,

464 4060 519 4139 qui
535 4057 645 4124 fuerat
657 4059 768 4121 Caroli
782 4059 897 4140 Magni
913 4060 1132 4138 imperatoris
1144 4061 1165 4134 ²,
1179 4070 1213 4123 et
1229 4060 1293 4122 tria
1308 4079 1435 4124 cornua
1451 4063 1602 4125 eburnea

490 4235 516 4269 a.
536 4227 565 4269 et
577 4218 703 4270 sulerent
720 4219 757 4271 Α.
772 4247 803 4255 -
822 4217 845 4269 b.
864 4217 984 4286 Manqua
1001 4218 1067 4269 dans
1084 4219 1122 4269 A.
1140 4248 1173 4256 —
1190 4235 1213 4269 c.
1232 4218 1313 4271 Dans
1330 4221 1367 4283 A,
1386 4237 1418 4271 on
1437 4220 1470 4271 lit
1485 4197 1597 4296 eulgicu

460 4320 517 4354 avec
531 4322 568 4355 un
584 4307 658 4371 signe
674 4304 819 4370 atriviatis
829 4313 941 4374 surget
956 4322 1005 4357 sur
1017 4321 1045 4357 u.

488 4540 497 4568 ¹
516 4532 609 4583 Freux
623 4530 849 4599 (Luxembourg,
863 4530 1066 4595 Neufchateau,
1080 4531 1310 4601 Saint-Hubert).

488 4626 499 4652 ²
515 4617 591 4669 C'est
608 4617 814 4685 l'evangcliaire
830 4618 924 4669 donne
938 4618 1009 4685 jadis
1026 4621 1042 4669 a
1059 4618 1262 4673 saint-Hubert
1278 4637 1329 4687 par
1345 4621 1432 4673 Louis
1448 4622 1475 4673 le
1488 4621 1591 4684 Pieux;

457 4720 517 4772 voy.
532 4705 676 4766 ci-dessuS,
691 4721 717 4769 p.
732 4718 746 4769 9
761 4722 767 4756 ς
783 4704 906 4771 Superest
916 4707 1031 4770 optimus
1042 4714 1195 4757 sanctorum
1212 4710 1407 4774 evangeliorum
1424 4716 1510 4759 textus
1525 4726 1592 4761 auro

455 4793 614 4857 genimisquc
623 4796 745 4857 parolus.
876 4795 878 4798 ’
1218 4794 1220 4798 “
