4450 6125
832 843 988 924 Sancti
1019 842 1229 924 Huberti.
1537 842 1613 925 163

475 1154 547 1207 erat
558 1142 745 1205 vocationis
756 1141 950 1221 apostolice,
964 1158 1004 1203 ex
1017 1139 1215 1222 evangelica
1229 1142 1431 1204 auctoritate
1447 1140 1616 1204 sufficeret

475 1244 670 1308 excusando
688 1243 802 1305 abbati
825 1242 887 1303 Est
907 1256 941 1304 et
962 1241 1041 1302 Non
1064 1241 1201 1315 dixisse,
1225 1243 1449 1304 interdicente
1471 1245 1617 1306 Domino

475 1345 616 1408 omnino
631 1361 701 1404 non
716 1344 843 1422 jurare,
853 1352 887 1404 et
902 1343 930 1403 si
943 1341 1025 1422 quid
1038 1342 1273 1405 abundantius
1284 1355 1299 1381 ⁶
1313 1355 1401 1406 esset
1414 1344 1478 1416 his,
1492 1362 1511 1406 a
1527 1345 1618 1406 malo

476 1447 580 1510 esse'.
598 1445 800 1526 Indignatus
816 1444 980 1507 Otbertus
1002 1451 1079 1523 post
1101 1453 1152 1505 tot
1174 1444 1226 1506 sui
1248 1445 1357 1524 ipsius
1379 1445 1616 1520 contumelias,

436 1578 449 1629 5
477 1557 553 1629 post
572 1556 622 1609 tot
641 1563 701 1608 sue
721 1544 947 1607 animositatis
967 1544 1089 1615 minas,
1107 1545 1302 1623 provenisse
1321 1546 1436 1607 abbati
1452 1556 1522 1608 tam
1539 1545 1619 1609 faci·

478 1647 573 1711 leml
597 1646 764 1709 evadendi
792 1645 895 1719 viam,
923 1645 1101 1707 mandavit
1128 1645 1158 1707 ei
1185 1647 1333 1727 gratiam
1359 1648 1506 1727 episcopi
1536 1649 1620 1710 Leo-

477 1749 603 1811 diensis
615 1764 752 1826 semper
762 1764 836 1808 esse
848 1746 1073 1808 necessariam
1085 1747 1199 1808 abbati
1211 1747 1328 1809 Sancti
1343 1748 1498 1822 Huberti,
1511 1749 1620 1810 elabo

478 1858 569 1911 raret
589 1865 666 1909 eam
687 1847 751 1908 sibi
773 1847 815 1908 ad
838 1863 977 1926 presens
999 1847 1161 1908 maximis
1182 1847 1309 1908 exeniis
1328 1850 1517 1928 acquirere,
1539 1866 1619 1910 cum

478 1950 627 2012 necdum
647 1947 833 2029 quicquam
856 1947 985 2009 servitii
1007 1947 1184 2009 videretur
1205 1945 1333 2011 fecisse,
1358 1950 1407 2010 Ad
1432 1950 1494 2010 hec
1516 1951 1621 2011 abbas

421 2079 453 2115 10
479 2050 543 2112 sibi
556 2051 641 2112 bene
655 2047 811 2110 conscius
825 2056 858 2109 et
873 2047 974 2128 longe
990 2046 1131 2109 alterius
1142 2047 1250 2128 glorie
1261 2048 1417 2126 cupidus,
1432 2049 1619 2129 respondit,

481 2148 657 2213 leodiensi
678 2149 837 2228 episcopo
859 2165 927 2208 non
953 2147 1157 2210 deleturum
1185 2148 1364 2209 servitium
1389 2149 1535 2223 abbatie,
1558 2151 1623 2212 sub

479 2254 543 2313 hac
558 2249 766 2313 dissensione
781 2256 982 2310 extenuatas
999 2266 1051 2309 res
1067 2249 1215 2323 ecclesie,
1230 2267 1289 2311 nec
1304 2251 1368 2312 sibi
1385 2268 1445 2312 nec
1460 2250 1623 2314 fratribus

478 2352 532 2415 vel
554 2352 597 2414 ad
620 2368 723 2413 usum
748 2349 884 2412 vivendi
906 2366 962 2410 eas
987 2348 1153 2412 sufficere.
1179 2350 1258 2411 lnde
1280 2369 1360 2412 eum
1383 2354 1523 2414 tandem
1547 2363 1623 2431 post

480 2454 608 2515 multas
636 2450 852 2531 fatigationes
881 2449 1076 2512 dimissus²
1106 2450 1148 2510 ad
1184 2452 1433 2514 monasterium
1466 2454 1621 2525 redisset,

416 2583 449 2633 ις
477 2552 724 2638 gravissimum
753 2569 773 2613 a
801 2548 966 2613 fratribus
994 2550 1136 2630 pertulit
1166 2553 1381 2626 scandalum,
1408 2554 1622 2617 existimatus

477 2656 547 2718 illis
566 2652 850 2721 communicasse,
867 2650 994 2732 quibus
1008 2652 1071 2728 ipsi
1089 2650 1182 2712 salva
1198 2650 1263 2713 fide
1283 2653 1539 2715 destinaverant
1554 2671 1620 2715 non

476 2753 821 2817 communicandum.
846 2750 911 2813 Sed
933 2769 1014 2813 cum
1037 2753 1164 2813 certius
1186 2754 1368 2830 probarent
1390 2753 1424 2813 id
1451 2772 1531 2815 eum
1554 2772 1621 2816 non

476 2854 604 2929 fecisse,
627 2854 856 2915 decreverunt
879 2862 918 2913 ut
939 2853 1126 2930 assumptis
1148 2853 1190 2913 de
1213 2850 1379 2916 fratribus
1401 2872 1488 2934 quos
1509 2855 1621 2927 vellet,

477 2955 552 3018 loco
581 2965 615 3016 et
643 2953 790 3033 tempori
824 2952 975 3026 cederet,
1006 2960 1040 3013 et
1075 2953 1217 3015 meliora
1251 2965 1452 3017 ornamenta
1487 2955 1623 3018 ecclesie

406 3084 448 3120 ιο
477 3074 596 3118 secum
622 3056 781 3117 eveheret
808 3072 936 3135 perque
959 3055 1159 3117 remotiores
1186 3055 1285 3118 cellas
1308 3066 1557 3136 transponeret,
1581 3078 1623 3121 ne

477 3174 519 3220 ea
543 3156 787 3236 superveniens
814 3154 979 3217 Otbertus
1000 3155 1165 3218 violenter
1186 3156 1360 3235 diriperet.
1385 3159 1622 3238 Respondente

476 3258 600 3320 abbate
633 3256 722 3318 nolle
753 3273 787 3318 se
819 3256 995 3318 communi
1025 3255 1177 3334 periculo
1205 3258 1330 3328 deesse,
1363 3259 1522 3338 graviora
1551 3277 1622 3321 esse

479 3360 571 3419 mala
594 3375 663 3439 que
687 3356 909 3438 singulariter
934 3356 1113 3428 timentur,
1137 3374 1243 3437 quam
1268 3374 1335 3438 que
1361 3358 1490 3436 pariter
1515 3359 1620 3439 perfe-

479 3469 618 3534 runtur,
656 3456 819 3520 fratribus
856 3475 994 3538 quoque
1033 3458 1321 3538 subjungentibus
1355 3475 1390 3519 se
1426 3461 1536 3539 magis
1572 3459 1621 3520 illi

409 3680 446 3730 ²5
516 3672 542 3708 a.
561 3652 770 3705 habundantius
787 3653 824 3705 A.
842 3680 874 3688 —
892 3651 915 3705 b.
934 3651 1015 3702 Dans
1031 3651 1069 3706 A,
1089 3667 1123 3701 on
1139 3650 1171 3700 lit
1189 3650 1323 3702 facicilem
1343 3668 1413 3703 corr.
1430 3657 1484 3719 par
1502 3663 1620 3718 exponet.

478 3758 512 3791 en
526 3740 645 3793 facilem.

515 4037 523 4064 ¹
543 4010 880 4092 MATTfflEU,E1¹angr'le,
902 4025 936 4086 V,
959 4038 988 4090 37
1010 4039 1016 4073 :
1039 4025 1081 4074 sit
1100 4031 1190 4073 autem
1210 4040 1295 4074 sermo
1316 4032 1405 4080 vester,
1429 4027 1508 4075 eliam
1528 4029 1618 4081 etiem,

479 4132 533 4175 non
545 4130 596 4164 non
611 4131 621 4163 .·
634 4113 703 4181 quod
713 4120 801 4163 autem
813 4128 896 4178 supra
908 4111 971 4160 hacc
983 4110 1124 4165 redundat,
1140 4128 1156 4159 a
1169 4110 1239 4160 malo
1250 4118 1295 4159 cst.

514 4199 567 4251 ²11
589 4198 663 4250 n’est
685 4212 734 4264 pas
756 4196 880 4263 possible
903 4196 937 4246 de
961 4196 1063 4247 douter
1083 4196 1118 4246 de
1139 4193 1362 4261 l’acquillement
1382 4196 1417 4246 de
1438 4195 1559 4262 Thierry
1579 4197 1620 4253 II:

405 4305 447 4357 30
478 4288 507 4339 le
531 4285 723 4352 chroniqueur
745 4299 781 4334 en
804 4282 907 4335 reitere
931 4282 1119 4333 l'affirmation
1143 4290 1172 4331 et
1196 4297 1231 4331 en
1252 4281 1390 4348 prodigue
1410 4281 1450 4331 les
1471 4297 1591 4347 preuves
1613 4298 1620 4332 ε

479 4373 636 4439 indignatus
657 4368 768 4421 Oberlus
784 4398 815 4406 -
828 4399 860 4406 —
872 4398 905 4406 —
917 4370 1070 4437 provenisse
1087 4365 1175 4417 abbati
1191 4375 1246 4416 tam
1257 4366 1371 4431 facilem
1389 4368 1515 4417 evadendi
1533 4370 1621 4425 viam,·

479 4488 513 4499 -
531 4487 563 4497 -
579 4486 613 4497 -
635 4472 699 4507 cum
723 4457 829 4507 tandem
850 4461 911 4524 post
935 4454 1036 4505 multas
1052 4455 1228 4519 fatigationes
1252 4455 1378 4504 dimissus
1403 4453 1619 4521 (Theodericus).

479 4546 659 4612 Remarquez
669 4557 772 4594 encore
783 4541 810 4592 le
822 4540 951 4593 scandale
962 4541 1032 4592 dont
1045 4538 1185 4592 l‘attitude
1197 4540 1232 4591 de
1244 4539 1365 4606 Thierry
1378 4539 1405 4589 ll
1418 4549 1461 4590 est
1473 4540 1620 4593 l'occasion

480 4627 728 4688 estius-Hubem
742 4641 774 4678 ce
785 4626 914 4678 scandale
931 4642 966 4676 ne
983 4641 1013 4676 se
1030 4626 1190 4677 concevrait
1209 4640 1256 4690 pas
1268 4625 1337 4675 dans
1349 4624 1527 4692 l'hypothese
1539 4626 1623 4679 d'une

406 4737 424 4787 3
428 4735 446 4786 5
482 4716 716 4775 condamnation;
736 4714 836 4776 l'abbe,
854 4714 923 4765 dans
941 4730 972 4764 ce
991 4728 1045 4775 cas,
1062 4716 1109 4764 etit
1128 4728 1163 4763 au
1182 4713 1322 4763 contraire
1339 4727 1439 4777 reparu
1459 4713 1563 4764 devant
1581 4730 1625 4766 ses

484 4806 593 4874 moines
605 4817 642 4854 en
655 4809 762 4868 martyr
773 4802 809 4853 de
821 4800 847 4851 la
859 4799 1048 4867 persecution.
1064 4797 1225 4858 Knontrcrc,
1238 4814 1314 4848 ouer.
1324 4798 1382 4852 cite,
1399 4815 1427 4864 p.
1444 4800 1482 4859 18,
1498 4800 1541 4850 n'a
1553 4800 1626 4851 donc

484 4893 544 4942 rien
556 4887 683 4955 compris
695 4890 711 4937 'a
723 4895 785 4938 tout
797 4902 829 4938 ce
841 4901 954 4953 passage
967 4885 990 4936 si
1003 4885 1072 4936 clair
1084 4885 1120 4935 de
1132 4883 1158 4934 la
1173 4884 1333 4949 chronique.
