4450 6125
565 862 620 975 98
777 864 1089 945 Cantatorr'nm
1119 865 1213 941 sive
1249 858 1501 940 Chronicon

563 1161 655 1243 quod
681 1162 830 1241 petebat,
857 1161 951 1223 omni
977 1161 1036 1221 illo
1059 1165 1230 1222 conventu
1259 1155 1479 1237 suffragante,
1506 1165 1541 1219 et
1566 1159 1707 1221 tandem

564 1261 756 1342 Berengero
777 1279 891 1323 coram
914 1270 1070 1335 attracto,
1091 1260 1266 1323 abbatiam
1289 1255 1403 1319 Sancti
1421 1256 1610 1333 Laurentii,
1628 1259 1707 1324 licet

561 1362 621 1424 diu
644 1362 804 1424 renitenti
824 1363 1005 1442 episcopus
1027 1361 1194 1424 violenter
1215 1357 1369 1442 ingessit.
1393 1360 1427 1420 id
1450 1377 1567 1424 revera
1589 1360 1704 1444 dispo

562 1470 662 1524 nente
683 1462 795 1544 gratia
819 1463 889 1537 Dei,
911 1463 1033 1544 quein
1059 1463 1153 1524 brevi
1177 1463 1241 1525 hoc
1262 1481 1298 1526 se
1319 1464 1526 1545 disposuisse
1546 1479 1706 1545 compro-

559 1562 664 1636 bavit,
678 1563 763 1625 dum
779 1563 872 1625 illius
883 1564 997 1625 labore
1012 1574 1046 1625 et
1062 1563 1200 1645 ingenio
1214 1566 1398 1627 accreverit
1413 1564 1559 1627 interius
1573 1566 1706 1646 optime
1748 1578 1759 1629 5

559 1663 733 1745 religionis
757 1663 977 1745 congregatio
1004 1673 1039 1725 et
1070 1666 1221 1727 exterius
1249 1665 1431 1746 multiplex
1456 1682 1573 1728 rerum
1598 1666 1705 1729 eccle·

557 1764 773 1827 siasticarum
788 1764 978 1846 acquisitio.

438 1988 510 2053 ro76.
598 1986 656 2045 37.
693 1986 773 2062 (49.)
809 1988 906 2039 Anno
942 1987 1120 2040 Dominice
1156 1989 1409 2042 lncarnalionis
1447 1991 1535 2057 1076,
1571 1994 1704 2060 gravis·

441 2074 504 2128 Vita
556 2082 638 2133 sima
669 2083 784 2149 hyems
810 2083 1005 2144 incubuit¹,
1032 2085 1115 2136 adeo
1142 2095 1176 2135 ut
1203 2086 1236 2136 in
1262 2084 1388 2136 Galliis
1414 2086 1562 2148 Ararim,
1591 2086 1703 2140 Roda·

408 2138 534 2262 ῖδῗοᾱξ·
555 2184 647 2229 num,
673 2168 817 2230 Renum,
844 2168 1007 2236 Ligerim,
1037 2171 1069 2220 in
1096 2170 1277 2223 Germania
1303 2171 1437 2234 Albam,
1462 2172 1640 2225 Viselam⁴
1665 2185 1702 2226 et
1732 2184 1762 2221 ¹0

428 2223 526 2270 'cm'
555 2253 784 2317 Danubium²,
810 2257 842 2306 in
869 2255 968 2307 ltalia
993 2255 1218 2318 Eridanum,
1243 2260 1469 2324 permaximos
1494 2258 1637 2321 fluvios,
1665 2271 1701 2313 ut

554 2350 707 2393 taceatur
739 2342 778 2393 de
812 2342 1016 2405 minoribus,
1048 2353 1144 2394 tanto
1174 2344 1251 2411 gelu
1285 2347 1552 2414 constringeret,
1583 2348 1701 2415 quode

553 2428 757 2479 mirantibus
786 2429 1135 2482 circummanentibus
1166 2430 1304 2491 incolis,
1335 2433 1430 2499 quasi
1460 2448 1519 2499 per
1551 2432 1698 2487 solidam

551 2523 673 2566 terram
701 2516 811 2581 pervii
840 2514 979 2568 lierent.
1009 2516 1079 2567 Hoc
1105 2516 1183 2585 gelu
1211 2518 1342 2568 landem
1372 2519 1404 2568 in
1432 2533 1510 2570 vere
1537 2521 1696 2584 remisso,

550 2610 641 2651 tanta
677 2601 841 2651 successit
876 2602 1013 2652 siccitas
1047 2603 1149 2662 aeris,
1186 2612 1221 2652 ut
1255 2602 1433 2654 arentibus
1467 2603 1573 2665 arvis,
1610 2619 1697 2671 pene
1727 2616 1756 2667 15

548 2686 791 2752 desperaretur
814 2697 1003 2753 proventus
1031 2689 1148 2739 messis
1175 2687 1303 2739 future.
1329 2688 1565 2741 Theodericus
1589 2690 1696 2743 abbas

547 2782 626 2823 tunc
649 2773 679 2821 in
700 2772 958 2839 quadragesima
978 2772 1113 2825 Romam
1135 2775 1243 2842 gratia
1263 2775 1435 2826 orationis
1455 2774 1694 2842 proiectusla,

545 2867 578 2915 in
597 2866 769 2917 redeundo
788 2865 901 2917 Remis
923 2882 944 2928 r,
968 2862 1059 2939 apud
1082 2863 1221 2923 beatum
1245 2862 1456 2943 Remigium,
1476 2861 1695 2927 familiariter

543 2961 756 3042 aliquamdiu
779 2962 888 3024 lassus
909 2963 1050 3043 quievit.
1075 2969 1223 3037 Vulgato
1243 2980 1354 3023 autem
1379 2987 1439 3038 per
1463 2972 1578 3025 urbem
1604 2975 1692 3026 tanti

543 3070 609 3120 viri
641 3070 804 3132 adventu,
841 3062 913 3143 ipsc
949 3065 1154 3127 lllanasses⁴
1190 3075 1273 3129 tunc
1310 3067 1499 3130 Remorum
1537 3067 1690 3149 pontifex
1718 3085 1753 3123 το

541 3166 765 3230 omnesques
786 3180 871 3232 pene
897 3165 1048 3231 ejusdem
1075 3167 1280 3233 metropolis
1311 3169 1454 3234 majores
1483 3167 1582 3220 illum
1613 3185 1690 3236 sup·

542 3250 684 3318 pliciter
708 3252 873 3302 adeuntes
897 3252 1088 3318 petierunt,
1110 3264 1145 3303 ut
1169 3253 1208 3304 de
1233 3255 1426 3305 imminenti
1451 3253 1547 3323 plaga
1570 3254 1690 3323 despe-

541 3337 625 3386 ratis
646 3335 740 3386 daret
762 3336 960 3396 consilium,
980 3338 1120 3404 suisque
1141 3339 1359 3391 orationibus
1379 3339 1553 3391 obtineret
1571 3341 1688 3393 divine

539 3423 792 3474 consolationis
815 3423 995 3474 auxilium.
1018 3424 1096 3484 llle,
1119 3425 1202 3475 licet
1226 3426 1371 3484 invitus,
1394 3426 1554 3492 precibus
1574 3434 1685 3478 tamen

539 3508 811 3575 supplicantium
835 3510 960 3570 victus,
980 3509 1153 3576 publicum
1176 3508 1294 3575 populi
1316 3521 1521 3561 conventum
1544 3511 1576 3562 in
1599 3510 1686 3562 basi·
1713 3518 1746 3569 25

569 3720 595 3754 a.
615 3703 654 3753 Le
667 3703 730 3754 vila
743 3703 921 3763 landerici,
935 3721 957 3753 c.
971 3709 1014 3759 26,
1030 3720 1121 3754 source
1137 3704 1167 3753 de
1179 3712 1252 3754 notre
1266 3703 1427 3771 Chroniquc,
1443 3704 1528 3753 donne
1539 3703 1685 3770 agalmni

537 3788 638 3840 Viscla.
653 3818 682 3827 -—
697 3788 719 3839 ὸ.
734 3790 879 3841 eridanum
890 3791 926 3840 A.
942 3819 974 3827 -
986 3808 1008 3841 c.
1022 3791 1126 3856 quod.
1140 3818 1172 3828 -
1185 3790 1211 3842 d.
1226 3789 1472 3856 prulecctusA.-
1482 3806 1505 3843 e.
1516 3791 1587 3842 remi
1599 3791 1637 3844 A.
1651 3817 1683 3831 -

529 3877 754 3941 fimffloed

569 4133 577 4161 ¹
597 4125 669 4192 Vov.
691 4124 748 4173 Vita
764 4124 923 4184 Yluoderici,
936 4141 960 4177 c.
976 4125 1020 4183 κός
1035 4135 1117 4177 notre
1134 4130 1326 4193 chroniqueur
1342 4127 1400 4178 s’en
1417 4137 1459 4178 est
1475 4136 1680 4180 certainement

534 4213 649 4279 inspiro,
664 4213 733 4262 mais
747 4215 803 4262 tres
816 4210 977 4263 librament.
991 4210 1049 4262 Cir.
1063 4212 1185 4262 Annales
1198 4212 1366 4267 Luudienses,
1383 4212 1498 4268 MGH„
1516 4212 1559 4264 SS
1571 4251 1579 4270 ,
1596 4223 1616 4264 t.
1629 4213 1678 4277 lv,
1706 4230 1742 4280 30

533 4314 561 4365 p.
572 4312 600 4350 ιι
618 4316 624 4350 :
643 4313 713 4363 1077,
725 4297 786 4362 gelu
794 4300 998 4366 pemmrimum
1010 4316 1026 4347 a
1038 4298 1163 4348 Calendis
1172 4297 1329 4348 Xoncmdrr's
1341 4315 1422 4366 usquc
1434 4299 1550 4349 medium
1561 4297 1679 4355 Martii:

533 4386 706 4436 amansii
721 4384 808 4444 Saxo,
820 4383 934 4438 tlon..
948 4384 1010 4439 SS„
1024 4395 1043 4434 t.
1056 4385 1104 4446 vl,
1117 4401 1144 4451 p.
1158 4400 1202 4450 71r
1218 4386 1271 4436 ῑΑ.
1284 4387 1311 4438 d.
1325 4389 1343 4436 i.
1361 4400 1433 4451 1077,
1446 4385 1530 4436 hians
1542 4394 1679 4453 magnaei

533 4475 622 4522 nivino
635 4489 666 4520 nc
680 4475 760 4521 nirnis
770 4471 878 4540 prolem
885 4473 954 4536 suit.

567 4568 575 4593 ²
596 4558 633 4610 la
648 4560 747 4616 Satine,
761 4559 787 4608 lc
802 4558 911 4615 Rllbnc,
928 4558 954 4609 le
969 4557 1053 4618 Rhin‚
1068 4559 1093 4610 la
1110 4559 1203 4620 Loire,
1217 4559 1319 4620 l'Elbc,
1334 4560 1358 4610 la
1373 4558 1492 4622 Vistule,
1506 4560 1533 4612 le
1546 4558 1674 4621 Danube,

531 4646 557 4696 le
572 4645 620 4696 l'o.
1702 4667 1715 4718 3

563 4740 573 4778 3
591 4732 659 4796 Jirnr
674 4735 727 4781 vice
738 4735 848 4796 ‚septinm
861 4731 958 4798 illaque
974 4730 1079 4792 ultima,
1097 4733 1141 4784 s'il
1158 4732 1215 4784 saut
1232 4749 1267 4784 en
1285 4735 1375 4785 croire
1392 4732 1418 4784 le
1437 4732 1495 4783 lara
1511 4730 1672 4796 Theoderici,
1719 4669 1734 4721 ⁵

527 4836 551 4872 c.
566 4820 607 4871 26.

557 4916 569 4949 ⁴
588 4905 659 4974 Voy.
674 4905 819 4967 cidcssus,
832 4921 860 4972 p.
875 4920 915 4970 37,
930 4922 956 4957 n.
971 4920 994 4960 2.
