4450 6125
553 875 629 959 180
757 879 1069 961 Cantatorium
1097 877 1190 954 sive
1225 871 1474 953 chronicon

543 1181 623 1237 tate.
653 1173 812 1253 prosequi
838 1171 1023 1233 voluntatis
1046 1169 1181 1250 proprie
1205 1167 1258 1229 vel
1280 1166 1391 1228 otium
1415 1164 1468 1226 vel
1492 1164 1683 1246 negotium.

543 1274 597 1334 Sic
618 1273 779 1335 fratribus
800 1275 887 1334 inter
908 1291 942 1334 se
963 1270 1221 1343 dissidentibus,
1244 1268 1354 1349 magis
1373 1276 1490 1328 autem
1512 1282 1585 1328 ase
1600 1262 1685 1326 deli·

542 1374 720 1450 cientibus,
738 1374 990 1457 ingobrandum
1007 1373 1171 1434 Otbertus
1186 1370 1258 1432 loco
1273 1368 1465 1431 introduxit
1481 1366 1681 1448 ibidemque

540 1476 777 1538 introductum
793 1476 999 1555 relinquens
1025 1473 1159 1534 tardius
1173 1470 1236 1533 sibi
1254 1472 1418 1532 hactenus
1437 1466 1684 1530 dissidentibus

542 1595 577 1638 se
592 1577 800 1657 prevaluisse
815 1578 949 1651 letatus,
968 1573 1132 1636 discessit.

582 1782 639 1839 76.
658 1781 736 1857 (qo.)
759 1777 1003 1857 ingobrandus,
1021 1783 1096 1854 post
1119 1782 1169 1835 tot
1191 1772 1378 1835 anxietates
1393 1769 1597 1832 insimulate
1620 1767 1684 1830 sibi

542 1875 820 1938 contradictionis
839 1876 978 1938 tandem
997 1872 1105 1936 factus
1124 1891 1264 1952 compos
1284 1871 1442 1934 desiderii
1462 1870 1529 1945 sui,
1553 1878 1595 1934 ut
1613 1879 1687 1932 erat

544 1977 638 2039 rudis
662 1990 695 2038 et
720 1976 825 2037 nimie
847 1975 1085 2054 simplicitatis,
1111 1975 1182 2035 otio
1207 1983 1241 2036 et
1267 1972 1400 2035 licentia
1427 1971 1570 2051 juvenili
1596 1970 1687 2051 cepit

544 2078 683 2151 resolvi,
716 2095 868 2150 securus,
909 2078 1017 2138 immo
1048 2076 1177 2138 inscius
1213 2074 1428 2155 procurande
1466 2073 1684 2154 prelationis.

545 2178 643 2258 Piget
666 2178 872 2250 meminisse,
896 2177 1070 2258 quomodo
1092 2178 1157 2238 sub
1170 2176 1222 2238 his
1239 2176 1374 2238 casibus
1390 2171 1651 2255 pulcherrimus
1672 2188 1687 2213 ⁶
1717 2194 1748 2233 ι
1768 2192 1796 2221 ⁴·

543 2277 599 2338 ille
621 2277 682 2338 flos
705 2277 846 2338 maximi
872 2276 1012 2339 honoris
1038 2289 1071 2340 et
1097 2277 1230 2339 decoris
1255 2274 1359 2355 hujus
1380 2275 1441 2336 loci
1469 2273 1689 2337 decoloratus

542 2380 737 2454 conciderit,
755 2398 861 2461 quam
882 2381 1042 2441 velociter
1056 2379 1239 2442 defluxerit
1258 2378 1394 2440 tamdiu
1413 2377 1612 2439 elaboratus
1630 2376 1689 2438 ille

541 2491 650 2543 status
670 2480 908 2543 decentissime
929 2479 1101 2561 religionis
1121 2490 1154 2542 et
1180 2499 1247 2562 que
1273 2479 1321 2541 cis
1343 2479 1503 2542 Rhenum
1530 2494 1572 2538 eo
1598 2488 1688 2539 tem·

541 2598 623 2659 pore
646 2581 852 2642 laudabatur
873 2580 1069 2661 singularis.
1094 2582 1179 2657 Que,
1199 2591 1326 2662 quante
1347 2579 1451 2641 luerit
1471 2577 1687 2652 excellentie,

542 2681 598 2742 vix
619 2691 678 2742 aut
701 2681 795 2742 nullo
819 2682 922 2742 modo
948 2683 1137 2760 posteritati
1166 2680 1280 2744 future
1306 2680 1479 2743 videbitur
1507 2679 1686 2749 credibile,
1718 2699 1763 2750 ιε
1792 2694 1795 2725 1

541 2797 622 2841 cum
648 2782 691 2841 sit
716 2799 819 2842 suum
845 2781 990 2842 humani
1015 2782 1144 2862 ingenii
1168 2782 1218 2842 vel
1243 2781 1357 2861 potius
1382 2779 1521 2853 erroriS,
1548 2779 1688 2841 credere

541 2881 676 2942 tardius
690 2881 854 2962 quicquid
873 2882 1010 2943 virtutis
1024 2883 1145 2944 inertie
1161 2888 1234 2960 ejus
1250 2893 1393 2963 putatur
1405 2882 1426 2942 ¹.
1446 2880 1689 2962 ingobrandus

542 2980 683 3042 infracto
705 2982 818 3062 rigore
840 2984 985 3044 tenende
1008 2984 1157 3057 virtutis,
1183 2983 1399 3066 nimiumque
1421 2999 1543 3064 expers
1565 2982 1686 3043 mode·

542 3084 647 3145 rande
666 3084 879 3149 discretionis
893 3083 916 3159 ⁶,
937 3098 1056 3149 contra
1078 3105 1208 3149 morem
1231 3089 1403 3164 majorum
1424 3085 1578 3167 quadam
1600 3083 1682 3146 libe·

541 3185 685 3247 ralitatis
696 3187 806 3266 specie
819 3188 995 3250 ferociores
1010 3188 1249 3269 religiosorum
1264 3189 1397 3250 animos
1411 3185 1578 3257 emollire,
1590 3186 1684 3265 juve·
1709 3208 1737 3247 ιο

539 3306 625 3349 num
643 3305 722 3349 vero
735 3299 768 3350 et
785 3291 933 3350 maxime
951 3289 1219 3353 adolescentium
1238 3288 1487 3352 familiaritates
1507 3285 1680 3358 affectare,

539 3395 712 3467 postremo
728 3407 788 3451 nec
804 3391 966 3453 modestie
983 3408 1044 3453 nec
1059 3392 1216 3472 sumptui
1230 3402 1242 3430 ⁶
1258 3408 1406 3471 parcere,
1420 3390 1507 3451 dum
1522 3406 1683 3470 quosque

538 3491 634 3570 quasi
654 3491 696 3551 ad
718 3490 866 3570 gratiam
885 3492 1049 3553 obnoxios
1070 3490 1226 3573 fidosque
1251 3492 1314 3554 sibi
1341 3489 1476 3564 faceret,
1499 3489 1579 3552 licet
1601 3507 1683 3552 vero

538 3591 582 3652 sit
597 3590 733 3654 difficile
745 3590 770 3656 d.
790 3593 859 3654 Hoc
876 3595 979 3655 modo
993 3596 1191 3666 attenuatis,
1209 3596 1316 3655 immo
1333 3611 1416 3675 pene
1431 3592 1557 3672 elapsis
1573 3592 1684 3655 eccle·

539 3691 681 3755 siasticis
693 3694 894 3769 redditibus,
907 3696 1104 3774 supervenit
1118 3696 1164 3757 rei
1176 3694 1355 3757 familiaris
1369 3694 1497 3774 inopia,
1513 3711 1583 3775 que
1597 3711 1681 3756 eum
1712 3716 1742 3767 25

539 3794 607 3871 jam
635 3811 702 3854 non
731 3793 904 3858 sufficeret
932 3796 1207 3877 imprudentium
1237 3797 1382 3857 tolerare
1413 3794 1683 3878 negligentiam,

540 3892 678 3971 impulit
697 3913 753 3957 eos
774 3896 878 3957 etiam
899 3897 1071 3979 negligere
1091 3898 1285 3977 dampnum
1307 3915 1410 3959 suum
1432 3906 1466 3959 et
1485 3893 1685 3958 infamiam.

540 3994 627 4056 Nam
649 3995 819 4058 distractis
839 3997 961 4079 viginti
981 3998 1135 4080 quinque
1155 4017 1195 4060 ex
1215 4000 1429 4062 ornamentis
1449 3998 1589 4061 ecclesie
1615 4015 1688 4080 que

539 4104 775 4156 remanserant
803 4096 948 4173 ibidem,
979 4099 1100 4160 abbate
1130 4099 1339 4161 Theoderico
1368 4098 1508 4160 meliora
1543 4116 1688 4181 queque

537 4193 692 4255 salvandi
707 4197 817 4276 gratia
836 4196 1007 4272 efferente,
1024 4216 1103 4261 cum
1126 4202 1273 4261 necdum
1296 4201 1508 4279 prevalerent
1527 4199 1577 4263 sic
1596 4199 1688 4264 effu·
1721 4223 1756 4275 30

538 4312 615 4374 gere
627 4296 866 4377 indigentiam,
881 4299 1088 4362 addiderunt
1100 4303 1206 4361 etiam
1216 4301 1444 4383 obpignorare
1456 4309 1516 4363 aut
1528 4301 1687 4367 vendere

572 4524 597 4557 a.
617 4509 798 4571 pulchermus
811 4512 847 4563 A.
862 4540 893 4547 -
911 4510 933 4564 l.
955 4512 1034 4562 Derris
1045 4514 1082 4568 Α,
1098 4530 1131 4561 ou
1144 4513 1176 4563 lit
1190 4513 1359 4564 moderando
1373 4511 1553 4563 discretionis
1568 4528 1692 4582 expett,

540 4608 608 4643 sorr.
622 4611 652 4642 ea
666 4615 690 4646 e.
708 4612 744 4647 in.
759 4598 785 4647 d.
800 4627 831 4633 —
850 4615 872 4650 r.
892 4609 1007 4665 sumptu
1021 4602 1057 4651 Α.
1073 4629 1104 4636 -
1123 4602 1148 4651 d.
1167 4600 1289 4651 difficilis
1301 4603 1338 4652 A.

544 4783 606 4790 ——.
616 4785 714 4794 -—-—

575 4929 580 4954 ¹
602 4921 890 4980 Sat1.us·ri.,cat.,c.
907 4943 929 4992 3.
