4450 6125
566 879 650 966 238
778 882 1091 962 Cantatorium
1121 884 1214 960 siue
1248 878 1497 959 Cirronioon

560 1179 639 1257 quia
661 1176 733 1256 jam
758 1180 849 1238 lanto
875 1180 1017 1246 tempore
1042 1179 1183 1235 uestram
1208 1174 1374 1234 ecclesiam
1400 1190 1555 1233 errorum
1577 1173 1707 1234 tenebre

560 1280 747 1355 contegunt,
774 1280 804 1336 et
828 1293 848 1335 a
873 1275 1008 1334 veritate
1030 1274 1116 1334 sedis
1137 1272 1312 1348 apostolice
1332 1273 1490 1332 alienant.
1520 1270 1704 1347 Undenas,

559 1382 729 1455 tamquam
744 1375 905 1436 viscerum
924 1392 1071 1435 meorum
1088 1372 1193 1449 filios,
1217 1378 1355 1452 paterna
1376 1372 1548 1434 dilectione
1561 1372 1706 1448 corripi·

560 1497 644 1551 mus,
669 1484 889 1538 ammonentes
911 1484 941 1538 ct
963 1477 1176 1548 obsecrantes,
1197 1483 1232 1537 ut
1254 1477 1296 1536 od
1317 1494 1402 1536 mere
1422 1475 1572 1537 veritatis
1593 1477 1706 1537 tumen

560 1580 718 1640 mentium
743 1583 925 1640 uestrarum
948 1579 1058 1638 oculos
1078 1577 1214 1638 elevetis.
1241 1576 1382 1645 Auferte
1404 1578 1528 1637 matum
1550 1595 1592 1637 ex
1613 1578 1706 1639 vobis
1751 1608 1763 1658 5

560 1680 660 1757 ipsis,·
677 1681 793 1754 lupum
809 1679 905 1740 illum
921 1679 993 1739 dico
1008 1683 1038 1739 et
1051 1677 1174 1753 furem,
1193 1679 1254 1756 qui
1267 1696 1332 1738 non
1349 1678 1392 1736 ad
1406 1678 1544 1738 salutem
1563 1683 1705 1739 vestram

559 1800 618 1860 per
637 1782 779 1842 bostium
804 1780 964 1852 introivit,
981 1781 1035 1840 sed
1056 1779 1193 1839 aliunde
1207 1779 1362 1842 ascendit.
1381 1785 1418 1838 ut
1434 1784 1549 1839 mactet
1562 1784 1593 1840 et
1608 1797 1705 1840 man-

557 1885 651 1944 ducet
669 1888 698 1943 et
717 1884 843 1958 perdat.
860 1884 931 1941 Aut
947 1882 1056 1959 igitur
1070 1880 1197 1941 ecclesie
1219 1881 1404 1940 invasorem
1418 1885 1448 1940 et
1462 1886 1703 1958 occupatorem,

559 1983 730 2045 Olbertum
745 1984 899 2049 elicimus,
915 1981 1053 2041 chrici
1071 1983 1257 2047 complicem
1272 1987 1301 2041 et
1318 1979 1482 2054 Guiberti,
1498 1998 1541 2041 ec
1555 1981 1657 2049 uobis.
1674 1984 1706 2044 si

558 2101 623 2163 quo
646 2085 741 2143 modo
763 2082 924 2158 possibile,
943 2081 1059 2155 pellite,
1084 2082 1189 2141 antei
1207 2087 1375 2159 tamquam
1389 2100 1409 2140 a
1424 2086 1535 2141 sancta
1551 2080 1704 2143 Romana
1738 2112 1766 2148 ιο

558 2184 688 2244 ecclesia
712 2182 819 2241 alieno
843 2185 873 2241 et
898 2181 1191 2253 excommunicato,
1218 2181 1432 2241 obedientiam
1457 2184 1598 2241 uestram
1625 2199 1706 2242 con·

557 2285 765 2361 sortiumque
779 2290 923 2342 uestrum
939 2281 1134 2342 subtrahite.
1150 2281 1220 2341 Hoc
1234 2282 1342 2357 ipsum
1357 2282 1396 2341 de
1414 2281 1550 2342 Wiredo
1563 2283 1705 2360 pseudo-

558 2384 670 2445 abbate
683 2384 896 2460 precipimus,
912 2383 972 2461 qui
987 2400 1044 2456 per
1058 2382 1200 2459 ejusdem
1216 2383 1496 2456 pseudo-episcopi
1511 2382 1705 2444 violentiam

558 2487 797 2546 Arduennense
825 2482 1061 2543 monasterium
1091 2483 1175 2543 beati
1200 2482 1541 2557 Hubertioccupavit.
1565 2483 1706 2563 Siquis

560 2589 667 2645 aulem
683 2584 831 2658 deinceps
846 2584 891 2643 eis
906 2583 1149 2643 communicare
1169 2587 1417 2660 presumpserit,
1435 2585 1534 2644 donec
1551 2586 1705 2645 ecclesia·
1739 2612 1766 2662 ις

561 2703 637 2746 rum
653 2686 771 2764 quibus
785 2685 942 2745 incubant
956 2685 1168 2759 oppressione
1181 2687 1317 2759 deserta,
1330 2685 1397 2746 Deo
1407 2691 1437 2745 et
1447 2685 1517 2746 sedi
1527 2688 1708 2764 apostolice

561 2786 780 2862 satisfaciant,
797 2787 878 2845 sciat
893 2803 925 2845 se
940 2784 1082 2863 ejusdem
1099 2786 1448 2847 excommunicationis
1463 2787 1595 2848 vinculo
1610 2789 1709 2850 inno·

562 2887 665 2947 datos.
688 2886 783 2947 Vobis
797 2904 874 2945 sane
888 2892 916 2947 et
931 2887 1045 2946 ceteris
1060 2887 1211 2947 omnibus
1230 2894 1346 2947 notum
1366 2889 1421 2961 sit,
1443 2890 1522 2966 quia
1545 2890 1709 2968 religioso

561 2986 669 3048 abbati
692 2986 883 3046 Theoderico
909 2987 1075 3046 licentiam
1107 2988 1268 3058 dedimus,
1293 2993 1329 3048 ut
1355 3006 1374 3048 a
1405 2988 1601 3050 scismaticis
1628 3008 1708 3050 con-

562 3106 680 3160 versos,
708 3088 768 3166 qui
788 3089 830 3147 ad
852 3090 960 3163 ipsum
986 3087 1211 3166 confugerint,
1238 3109 1257 3149 a
1283 3090 1414 3150 vinculo
1438 3092 1708 3153 excommunica·
1740 3120 1774 3157 20

563 3187 664 3249 tionis
678 3188 813 3248 absolvi.
833 3190 1014 3249 Datum...‘¹

605 3289 718 3365 Quam
733 3288 913 3368 epistolam
929 3307 1009 3350 cum
1026 3291 1161 3351 rediens
1176 3290 1419 3364 Theodericus,
1436 3309 1477 3353 ex
1493 3292 1604 3354 edicto
1620 3310 1709 3373 pape

562 3387 725 3450 iratribus
750 3389 886 3449 ecclesie
913 3390 1001 3451 beati
1033 3390 1175 3451 liuberti
1206 3391 1338 3468 publice
1364 3392 1533 3467 redderet,
1564 3391 1710 3455 Wiredo

563 3498 645 3550 tunc
670 3489 757 3549 torte
782 3490 930 3563 absente,
958 3491 1132 3551 intellecto
1156 3491 1353 3553 animarum
1382 3510 1525 3555 suarum
1552 3493 1709 3572 periculo

563 3590 751 3663 communi,
776 3591 902 3671 singuli
926 3591 959 3651 in
981 3593 1158 3652 absentem
1181 3593 1411 3666 scandalizari,
1437 3611 1535 3673 prose
1557 3594 1708 3675 quisque
1740 3619 1773 3670 ις

563 3691 810 3767 subjectionem
833 3701 865 3752 et
880 3693 1160 3752 communionem
1183 3694 1309 3762 vereri;
1327 3695 1410 3755 adeo
1431 3705 1469 3756 ut
1485 3712 1504 3755 a
1519 3695 1706 3771 dominica,

562 3809 630 3871 que
642 3793 767 3853 dicitur
779 3792 813 3851 in
832 3791 970 3865 balmis,
987 3796 1147 3873 usquead
1161 3804 1319 3856 exactum
1335 3794 1474 3867 Pascha,
1488 3796 1530 3855 ab
1542 3795 1709 3857 omnibus

563 3910 650 3971 pene
667 3894 843 3953 videretur
863 3892 1013 3955 destitui.
1039 3892 1095 3953 llle
1111 3905 1225 3955 tamen
1242 3895 1457 3957 dissimulata
1471 3896 1709 3978 recognitione

562 3993 777 4072 superposite
793 3993 855 4053 sibi
871 3992 1098 4072 obligationis,
1117 3994 1348 4057 detensionem
1366 3994 1469 4075 liujus
1483 4014 1543 4058 suc
1555 3997 1711 4060 obstina-

562 4092 678 4166 tionis,
688 4110 722 4153 se
734 4092 1253 4171 ipsoiudiceconabaturtueri,
1264 4096 1707 4174 contendeusseanemine,
1741 4120 1774 4170 ³0

565 4195 628 4256 nisi
650 4194 869 4275 abepiscopo
891 4213 964 4267 sue,
987 4213 1082 4272 posse
1104 4197 1408 4269 excommunicari,
1425 4215 1528 4279 seque
1543 4209 1711 4278 paratum

564 4296 598 4356 in
627 4297 797 4376 presentia
822 4298 896 4372 ejus
927 4298 1133 4375 respondere
1155 4298 1350 4377 quibusque
1376 4299 1714 4378 calumpniatoribus

565 4398 636 4460 suis
660 4398 731 4458 iliis
744 4397 938 4476 compertis,
950 4397 1125 4462 Otbertus,
1139 4397 1213 4459 licet
1226 4417 1265 4458 ex
1279 4400 1414 4459 decreto
1425 4399 1609 4478 apostolice
1619 4402 1714 4465 sedis

565 4496 754 4574 eademque
769 4496 966 4574 calumpnia
978 4495 1041 4555 sibi
1057 4506 1144 4556 esset
1158 4498 1364 4572 communis,
1377 4497 1578 4561 subridebat
1592 4509 1712 4563 tamen

566 4614 693 4660 secum.
717 4598 891 4657 occasione
907 4597 1011 4673 hujus
1027 4596 1236 4657 necessitatis
1251 4615 1268 4657 a
1287 4598 1427 4659 Wiredo
1442 4599 1582 4660 tandem
1598 4600 1713 4682 legiti-
1743 4627 1774 4679 ³5

567 4714 644 4757 mus
659 4696 836 4774 episcopus
856 4697 1063 4775 recognosci,
1081 4715 1099 4756 a
1115 4714 1184 4775 quo
1199 4696 1412 4777 aliquamdiu
1428 4698 1525 4780 quasi
1542 4715 1609 4760 non
1625 4700 1714 4782 legi·

566 4798 672 4858 timus
686 4797 777 4856 visus
789 4807 839 4856 est
852 4797 969 4867 vitari;
989 4796 1233 4878 mandavitque
1246 4798 1409 4859 iratribus
1419 4798 1559 4860 interim
1569 4817 1714 4880 parcere

597 4988 623 5022 u.
645 4961 700 5021 Dal
715 4972 752 5022 tl.
