4450 6125
946 838 1101 921 Sancti
1132 838 1343 921 Huberti.
1639 870 1708 922 101

572 1141 751 1203 nominato
770 1139 863 1219 apud
888 1138 1053 1200 Sanctum
1078 1137 1271 1199 Hubertum
1294 1136 1384 1198 inter
1405 1144 1593 1217 utrumque
1614 1135 1716 1197 collo-

570 1241 664 1324 qui0,
681 1258 761 1302 cum
781 1236 966 1302 Godefrido
984 1237 1082 1299 affuit
1101 1237 1147 1298 ibi
1166 1247 1200 1298 et
1218 1236 1361 1299 clericus
1381 1236 1559 1298 Adalbero.
1578 1235 1657 1312 Qui,
1675 1245 1716 1297 ut

571 1351 644 1404 erat
659 1340 835 1421 perspicax
849 1340 885 1400 in
902 1340 1004 1401 rebus
1019 1337 1327 1417 deprehendendis.
1344 1355 1423 1399 cum
1437 1337 1665 1416 perspexisset
1678 1336 1714 1396 iu

572 1441 735 1504 iratribus
756 1441 995 1502 irremissam*⁸
1016 1438 1243 1499 intentionem
1265 1437 1455 1518 exequendi
1475 1437 1618 1511 ordinis,
1635 1455 1716 1499 cum

534 1561 545 1611 s
573 1545 677 1605 etiam
697 1540 898 1621 pervidisset
918 1558 959 1601 ex
978 1540 1052 1619 ipsa
1073 1539 1137 1601 loci
1156 1539 1414 1618 opportunitate
1429 1538 1442 1577 ὖ
1459 1557 1526 1601 non
1541 1538 1717 1621 indigere-⁴

572 1640 770 1716 solitudine,
794 1641 821 1701 si
847 1640 924 1720 quis
946 1639 1047 1700 vellet
1070 1639 1117 1700 ibi
1140 1639 1208 1699 Deo
1234 1638 1395 1710 militare,
1419 1639 1536 1700 divino
1563 1648 1716 1719 respectu

572 1753 801 1821 compunctus
817 1740 1001 1803 destinavit
1022 1743 1112 1820 apud
1136 1758 1171 1801 se
1187 1740 1372 1801 vanitatem
1397 1740 1519 1801 mundi
1543 1758 1715 1819 respuere,

572 1860 678 1924 quam
704 1853 754 1903 tot
779 1842 911 1903 casibus
936 1841 1113 1902 subditam
1144 1840 1272 1901 nemini
1303 1840 1485 1901 videbatur
1514 1858 1584 1901 esse
1613 1841 1718 1902 dura·

573 1941 687 2004 bilem.
717 1939 867 2003 Locutus
889 1958 971 2023 ergo
992 1942 1120 2013 abbati,
1146 1940 1298 2002 condixit
1319 1941 1369 2002 illi
1393 1941 1485 2002 diem
1507 1942 1548 2004 ad
1572 1959 1653 2003 eum
1676 1960 1718 2004 ex

519 2073 545 2109 ιο
571 2052 645 2104 toto
658 2041 865 2114 revertendi,
881 2041 1098 2123 collectisque
1115 2060 1182 2122 que
1197 2050 1296 2103 erant
1316 2041 1352 2102 in
1373 2048 1537 2122 promptu
1558 2060 1598 2103 ex
1615 2044 1718 2104 rebus

572 2145 655 2218 suis,
671 2144 767 2223 juxta
783 2144 977 2205 condictum
991 2144 1025 2204 in
1041 2142 1193 2224 capitulo
1204 2161 1240 2203 se
1255 2143 1465 2223 presentavit
1477 2161 1571 2204 more
1587 2146 1719 2226 agende

572 2245 802 2307 conversionis
816 2245 836 2305 ¹.
856 2244 995 2304 Videres
1015 2245 1188 2305 neminem
1209 2260 1243 2305 se
1265 2262 1363 2324 posse
1384 2245 1560 2305 continere
1581 2261 1600 2304 a
1620 2244 1718 2306 lacri-

574 2348 650 2420 mis,
681 2362 760 2407 cum
790 2356 966 2407 tantarum
998 2347 1101 2425 paulo
1130 2356 1209 2407 ante
1238 2347 1440 2408 deliciarum
1469 2346 1615 2426 juvenis,
1646 2357 1718 2407 tam

574 2448 688 2509 subito
708 2455 863 2507 mutatus
884 2447 926 2507 ad
951 2447 1073 2508 mundi
1095 2454 1335 2525 contemptum
1357 2447 1442 2508 adeo
1461 2465 1496 2508 se
1513 2448 1716 2528 accingeret,

517 2580 544 2630 ¹5
576 2559 614 2609 ut
635 2546 903 2626 preci0sissimas
925 2545 1186 2609 holosericalisd
1205 2546 1344 2608 habitus
1366 2558 1476 2609 vestes
1498 2564 1579 2608 cum
1602 2546 1719 2609 tunica

576 2648 761 2710 holoserica
772 2660 785 2686 ‘
799 2657 921 2726 sponte
939 2666 1001 2708 sua
1023 2647 1189 2726 spoliatus
1204 2649 1364 2726 abjiceret
1372 2649 1401 2715 f.
1419 2647 1567 2709 annulie
1579 2666 1718 2730 quoque

574 2750 668 2811 aurei
693 2747 842 2830 digitIsll
863 2748 1025 2810 abstracti
1047 2757 1081 2810 et
1106 2748 1141 2809 in
1169 2759 1296 2810 terram
1323 2748 1464 2828 projecti
1487 2749 1717 2812 clarissimum

575 2850 740 2912 tinnitum
770 2834 965 2921 redderent,
996 2849 1069 2928 ipse
1100 2851 1205 2911 etiam
1237 2850 1470 2912 conversionis
1500 2868 1560 2913 sue
1592 2849 1719 2931 protes·

575 2951 718 3026 sionem,
740 2952 795 3013 vix
816 2952 1038 3030 permittente
1059 2951 1226 3031 singultu,
1249 2951 1431 3013 enunciare
1450 2951 1633 3014 sufficeret.
1660 2951 1721 3014 llic

517 3086 546 3121 zo
577 3072 643 3114 non
660 3053 771 3115 multo
787 3065 874 3134 post,
894 3065 930 3115 ut
947 3053 1157 3126 dictumest,
1174 3052 1266 3133 apud
1285 3054 1495 3116 laudunum
1512 3054 1720 3117 Clavatum²

609 3305 634 3339 a.
653 3288 829 3339 inremissam
843 3288 880 3337 Α.
895 3317 927 3325 -
944 3287 967 3340 b.
986 3290 1181 3354 oportunitate
1193 3290 1231 3340 Α.
1245 3319 1278 3327 -
1296 3306 1318 3340 c.
1338 3291 1445 3358 idigere
1457 3291 1494 3341 A.
1508 3319 1540 3328 -
1557 3291 1582 3340 d.
1603 3289 1720 3341 oloseri-

577 3374 627 3425 cali
643 3375 681 3426 A.
695 3403 727 3411 -
745 3391 766 3424 e.
786 3373 897 3426 oloseca
913 3375 950 3427 A.
964 3404 997 3411 —
1007 3375 1035 3441 s.
1054 3376 1179 3427 abiceret
1196 3377 1232 3428 A.
1246 3405 1277 3415 -
1293 3393 1321 3443 g.
1340 3377 1417 3427 anuli
1433 3377 1471 3433 A.
1484 3406 1517 3414 -
1535 3377 1562 3427 n.
1581 3377 1662 3427 Dans
1677 3377 1715 3432 A,
1740 3433 1743 3440 ,

577 3464 650 3526 apris
661 3461 766 3528 digitis,
780 3460 804 3510 le
813 3460 895 3510 scribe
906 3478 922 3510 a
934 3464 1019 3527 rnna
1027 3466 1080 3530 par
1091 3479 1186 3513 crreur
1198 3478 1320 3530 quoque.

579 3671 868 3682 *—

611 3845 618 3871 ¹
637 3836 691 3888 Sur
703 3836 729 3887 le
742 3852 805 3887 sens
817 3837 919 3902 special
933 3838 968 3888 de
980 3854 1012 3888 ce
1024 3846 1093 3897 mot,
1108 3854 1173 3904 vuy.
1188 3838 1330 3899 cidessus,
1344 3854 1371 3904 p.
1388 3852 1427 3902 25,
1442 3855 1470 3889 n.
1485 3853 1509 3903 5,

517 3941 545 3990 ²5
610 3931 619 3956 ²
638 3922 725 3984 Laon,
747 3921 878 3974 chet-lieu
900 3924 937 3974 du
959 3924 1155 3989 departement
1177 3924 1212 3975 de
1231 3923 1349 3977 I’Aisne.
1374 3924 1419 3976 Au
1442 3925 1515 3992 sujet
1538 3926 1572 3977 de
1596 3941 1628 3977 ce
1650 3941 1717 3978 nom

576 4012 697 4078 etrange,
710 4010 852 4061 Clazutnnt
863 4026 899 4062 ou
913 4010 1047 4065 Cloatum,
1058 4011 1085 4062 le
1095 4010 1186 4062 Gallia
1196 4011 1363 4067 Christiana,
1376 4022 1395 4062 t.
1407 4011 1456 4074 IX,
1465 4012 1518 4064 col.
1530 4013 1587 4078 506,
1598 4013 1718 4065 observe

576 4096 729 4162 qu'aucune
749 4096 921 4163 explication
942 4098 1066 4148 certaine
1087 4097 1156 4149 n'est
1179 4098 1330 4164 proposce3
1352 4097 1372 4148 il
1390 4098 1485 4164 ajoute
1504 4116 1510 4149 :
1530 4116 1581 4149 non
1599 4098 1719 4162 displicet

577 4192 661 4233 tamen
679 4200 770 4234 eorum
788 4186 949 4247 conjectura,
971 4186 1019 4251 qni
1034 4183 1169 4234 clavatum
1188 4184 1219 4234 ab
1234 4201 1262 4234 en
1277 4185 1418 4234 deductum
1431 4190 1541 4253 putant,
1561 4187 1629 4252 quod
1641 4191 1718 4253 prac-

575 4270 686 4334 grandes
697 4269 797 4334 lapides
806 4269 899 4337 quibus
911 4272 1008 4320 naenia
1019 4272 1103 4320 castri
1112 4278 1190 4320 erant
1201 4251 1361 4325 constructa,
1375 4268 1487 4321 verubus
1497 4277 1522 4319 ct
1533 4269 1718 4337 clavssserret's

519 4373 551 4421 30
578 4358 686 4407 invicem
699 4366 924 4411 connecterentur.
941 4358 976 4410 Je
993 4373 1028 4408 ne
1045 4358 1108 4423 puis
1126 4358 1257 4408 tranchcr
1273 4356 1299 4407 Ia
1314 4356 1464 4417 difficulte·
1480 4357 1548 4407 maIs
1560 4357 1587 4423 je
1599 4360 1717 4425 suggere

579 4458 615 4493 un
632 4446 865 4510 rapprochement
882 4445 929 4511 qui
945 4444 1074 4511 jusqu'ici
1092 4443 1135 4493 n'a
1152 4458 1200 4509 pas
1216 4442 1261 4493 e'te
1279 4441 1337 4495 Iait.
1354 4442 1395 4493 Le
1409 4458 1476 4495 nom
1494 4443 1529 4494 de
1541 4442 1668 4505 Verdun,
1681 4459 1716 4495 au

580 4527 627 4577 IV⁰
639 4530 730 4591 siecle,
745 4530 838 4591 serait,
852 4531 931 4581 selon
950 4530 990 4581 les
1006 4530 1086 4579 Actes
1102 4530 1138 4579 du
1157 4527 1264 4579 Concile
1275 4529 1305 4579 de
1319 4528 1440 4595 Cologne,
1456 4527 1678 4585 Articlavornm;
1690 4527 1717 4579 Ia

580 4616 728 4668 similitude
740 4625 783 4667 est
795 4618 963 4679 saisissante,
974 4616 1029 4667 elle
1041 4617 1169 4668 s'accrolt
1181 4631 1284 4667 encore
1296 4615 1339 4666 s'il
1349 4614 1407 4666 taut
1419 4616 1544 4683 corriger
1553 4615 1580 4667 Ie
1593 4623 1670 4667 texte
1678 4615 1716 4667 du

582 4700 616 4751 X‘
624 4703 705 4755 siecle
714 4704 762 4770 qui
773 4718 845 4756 nous
854 4703 887 4754 I’a
898 4704 1029 4754 transmis
1037 4704 1147 4768 (msde
1156 4704 1182 4754 Ia
1192 4702 1393 4770 Bibliotheque
1402 4704 1499 4771 royale
1507 4704 1542 4755 de
1552 4703 1716 4755 Bruxelles:

519 4803 551 4853 35
585 4788 721 4855 Burgund.
736 4791 860 4857 495-503)
873 4799 901 4841 et
914 4789 967 4841 lire
980 4807 986 4841 ι
1001 4789 1063 4841 urbs
1075 4790 1222 4843 clavorum.
1233 4791 1304 4857 Voy.
1316 4805 1365 4841 sur
1377 4799 1451 4842 cette
1462 4790 1675 4842 denomination
1689 4798 1717 4839 et

583 4870 621 4922 les
628 4874 812 4941 eprIeations
820 4875 905 4942 qu’on
915 4891 950 4926 en
959 4891 974 4926 a
983 4875 1119 4937 donnees,
1130 4873 1219 4926 Gallia
1231 4875 1398 4931 Christiano,
1411 4884 1433 4926 t.
1442 4875 1521 4936 XIII,
1529 4876 1573 4927 col
1597 4877 1668 4927 1160.
1682 4875 1696 4925 J
1701 4890 1716 4924 e
