4450 6125
827 868 981 950 Sancti
1015 867 1225 953 Habenti.
1511 869 1586 951 231

457 1173 578 1227 retur⁶
596 1166 840 1242 subiectionem
861 1166 1008 1242 Otberti,
1027 1169 1166 1229 tandem
1182 1169 1413 1232 Theodericus
1427 1169 1595 1251 acquievit

459 1264 581 1328 rationi
600 1276 633 1328 et
653 1269 811 1346 tempori,
832 1269 917 1329 adeo
941 1278 977 1330 ut
999 1269 1115 1348 palam
1138 1272 1364 1349 promitteret,
1385 1269 1411 1332 si
1436 1269 1596 1332 Wiredus

458 1368 521 1428 sibi
543 1370 680 1430 credere
702 1369 813 1437 vellet,
837 1380 996 1448 paratum
1017 1388 1053 1431 se
1074 1388 1154 1433 cum
1174 1389 1214 1433 eo
1236 1373 1380 1436 Romam
1400 1373 1461 1444 ire,
1482 1384 1516 1433 et
1535 1388 1597 1433 sua

458 1467 698 1546 procuratione
720 1470 809 1547 apud
837 1469 1065 1548 apostolicum
1087 1471 1137 1532 illi
1152 1471 1297 1534 liberam
1312 1471 1484 1534 abbatiam
1499 1489 1597 1534 cum·

423 1566 618 1641 §clamare
651 1569 915 1631 promissionem
948 1572 1035 1632 hanc
1065 1571 1287 1634 laudantibus
1315 1572 1595 1654 quamplurimis,

458 1669 566 1749 gratia
584 1670 686 1747 hujus
699 1671 966 1749 compositionis,
985 1672 1189 1734 lambertus
1202 1673 1380 1736 Wiredutn
1395 1671 1548 1753 expetiit,
1564 1678 1598 1733 et

392 1800 411 1816 ι
458 1769 486 1830 ei
510 1771 698 1849 predictam
722 1772 971 1834 affectationem
993 1792 1073 1855 erga
1096 1774 1272 1837 ecclesiam
1294 1785 1430 1836 etcum
1453 1773 1597 1854 diligen·

459 1872 558 1948 tium,
588 1872 789 1935 Theoderici
815 1892 951 1955 quoque
977 1893 1166 1946 assensum,
1193 1875 1221 1936 si
1247 1874 1296 1936 illi
1320 1875 1457 1936 credere
1483 1872 1595 1945 vellet,

460 1973 646 2035 nunciavit.
671 1976 720 2035 Ad
746 1975 807 2037 hec
830 1975 989 2037 Wiredus
1013 1996 1019 2036 :
1045 1975 1124 2037 Non
1145 1978 1288 2048 credam,
1313 1975 1437 2057 inquit,
1460 1974 1597 2035 inimico

387 2094 431 2130 ιο
459 2093 529 2136 meo
551 2077 587 2135 in
609 2081 767 2147 eternum,
785 2095 887 2155 neque
908 2078 977 2137 sine
998 2095 1132 2138 assensu
1144 2076 1288 2154 episcopi
1303 2077 1366 2137 mei
1387 2076 1481 2137 nullo
1503 2075 1599 2136 inodo

459 2175 544 2234 mihi
570 2180 617 2236 est
646 2175 784 2236 Romam
812 2178 969 2248 eundum,
1000 2196 1075 2238 curn
1103 2182 1212 2256 presto
1236 2177 1299 2238 sim
1325 2194 1437 2236 coram
1461 2193 1497 2236 eo
1523 2193 1596 2236 cam

462 2275 677 2338 Theoderico⁶
692 2278 803 2339 subire
809 2277 989 2354 judicium.
1010 2278 1247 2357 Respondente
1268 2277 1462 2351 lamberto,
1479 2292 1598 2338 secun-

456 2378 542 2438 dum
572 2377 721 2456 priorem
744 2389 777 2439 et
799 2396 913 2439 veram
935 2379 1061 2439 suimet
1082 2377 1191 2457 ipsius
1212 2377 1416 2439 senteutiam
1440 2387 1464 2448 ί,
1492 2392 1598 2456 quam

458 2496 540 2539 cum
553 2477 681 2540 Christi
694 2478 851 2540 fidelibus
866 2480 948 2540 olim
965 2479 1136 2552 tuebatur,
1156 2478 1340 2541 Otbertum
1361 2495 1433 2539 esse
1448 2475 1596 2548 nullum,

461 2589 581 2660 utpote
602 2581 782 2659 apostolice
806 2581 894 2643 sedis
915 2581 1162 2655 adversarium,
1188 2580 1310 2659 adjecit
1326 2580 1393 2652 ille,
1411 2577 1598 2640 necessario

460 2695 522 2757 pro
537 2698 600 2742 suo
613 2682 822 2754 habendum,
836 2700 940 2762 quem
954 2681 1148 2743 leodiensis
1163 2681 1299 2743 ecclesia
1310 2679 1597 2762 qualemcumque

460 2788 634 2859 pateretur
663 2782 728 2843 dici
757 2800 872 2843 suum.
906 2782 964 2844 llis
992 2783 1130 2857 auditis,
1155 2781 1387 2843 Theodericus
1412 2779 1491 2841 tulit
1516 2777 1598 2840 satis

459 2880 599 2962 indigne
614 2883 752 2943 Vlliredo
768 2902 801 2943 se
818 2884 896 2944 talia
915 2886 1107 2957 mandasse3
1126 2882 1263 2963 prelatis
1277 2899 1414 2964 quoque
1429 2878 1600 2943 consulto-

461 2983 555 3043 ribus
576 2983 647 3044 suis
669 2984 916 3064 improperavit
939 2985 1021 3046 satis
1041 2983 1216 3065 injuriose,
1240 2993 1274 3045 et
1295 2981 1455 3044 eostalia
1475 2998 1597 3044 constt-

463 3082 562 3147 lendo
589 3088 690 3147 verba
719 3086 918 3166 perdidisse,
945 3096 979 3149 et
997 3104 1042 3158 se,
1068 3096 1104 3148 ut
1127 3084 1434 3159 dicitur,crudt1m
1457 3084 1597 3145 laterem

461 3187 580 3249 lavisse
593 3189 614 3251 ¹.
641 3189 724 3250 ilinc
747 3188 835 3249 inter
859 3198 1021 3270 utrosque
1037 3190 1087 3250 ira
1107 3198 1140 3249 et
1160 3188 1351 3267 indignatio
1366 3184 1392 3259 d,
1416 3185 1496 3247 hinc
1517 3202 1596 3247 cum

461 3291 654 3351 animarum
671 3290 825 3370 periculo
844 3300 959 3351 tamen
979 3290 1082 3350 etiam
1098 3288 1401 3350 ecclesiasticarum
1418 3284 1596 3366 possessio-

463 3408 543 3452 num
559 3392 722 3470 dampno,
737 3391 826 3453 inter
841 3390 1018 3452 interiores
1033 3401 1066 3452 et
1082 3389 1266 3451 exteriores
1281 3387 1401 3451 iratres
1413 3385 1593 3458 dissensio;

461 3490 541 3551 adeo
577 3498 614 3552 ut
642 3491 851 3563 Castrenses,
883 3491 1049 3562 Pirenses,
1080 3489 1295 3553 Sanctienses
1327 3501 1361 3550 et
1386 3485 1597 3551 Cunenses'

492 3728 517 3761 a.
542 3710 701 3762 destaretur
720 3710 756 3760 A.
779 3738 810 3746 -
833 3708 855 3759 h.
881 3709 961 3760 Dans
981 3710 1018 3765 A,
1042 3709 1065 3758 lc
1084 3708 1166 3759 scribe
1184 3710 1258 3757 avait
1276 3709 1342 3757 ecrit
1363 3721 1408 3768 eo,
1429 3705 1452 3755 il
1471 3722 1487 3755 a
1510 3705 1599 3769 ay'autt

463 3798 601 3849 teoderico
618 3798 755 3847 au-dcssus
767 3797 797 3845 dc
808 3795 835 3846 la
846 3795 925 3862 ligne.
940 3825 972 3834 -
989 3813 1012 3847 c.
1032 3796 1112 3847 Dans
1130 3796 1166 3858 A,
1185 3812 1219 3845 an
1236 3793 1269 3845 lit
1285 3787 1409 3861 priorem
1428 3791 1596 3843 sententiam

461 3893 487 3934 et
499 3900 593 3936 veram
607 3884 819 3950 suimetipsius,
833 3884 934 3949 corrigi
945 3899 1044 3934 cantme
1054 3883 1189 3933 ci-dcssus.
1203 3910 1234 3918 -
1252 3881 1277 3931 d.
1297 3878 1463 3949 indiginatio
1475 3878 1512 3929 A.

496 4241 502 4267 ¹
522 4234 592 4300 Voy.
606 4232 700 4294 Orto,
714 4248 789 4282 ouvr.
802 4234 860 4293 citt,
874 4248 901 4298 p.
919 4234 973 4296 187,
988 4242 1018 4281 v⁰
1029 4230 1105 4281 later.

495 4329 503 4354 ¹
522 4320 544 4372 Il
556 4320 636 4388 s'agit
652 4320 701 4370 des
718 4319 845 4386 prieures
861 4318 896 4370 de
911 4316 1178 4375 Chimera-Portica,
1194 4315 1260 4365 Prix
1272 4323 1300 4365 et
1313 4314 1398 4374 Cons,
1412 4312 1482 4364 dont
1494 4311 1513 4362 il
1526 4327 1542 4362 3
1554 4310 1599 4363 ete

465 4407 599 4472 plusieurs
616 4405 669 4460 lois
684 4407 814 4473 question
832 4407 900 4456 dans
916 4405 942 4456 la
957 4405 1117 4471 Cironiqac,
1130 4402 1206 4453 etde
1221 4400 1294 4452 celui
1306 4400 1341 4452 de
1354 4398 1444 4467 Sancy
1457 4397 1600 4465 (departe-

465 4503 537 4543 ment
553 4494 589 4545 de
605 4492 922 4553 Meurthe-ct·Moselle,
940 4492 1180 4543 arrondissemcnt
1197 4488 1233 4539 de
1252 4486 1361 4554 Bricy),
1381 4483 1546 4536 mentionne
1563 4484 1599 4535 ici

464 4593 532 4643 pour
549 4581 575 4632 la
593 4581 733 4647 premiere
751 4579 812 4631 lois.
831 4579 867 4630 G.
889 4579 1007 4641 11113111,
1028 4578 1138 4629 charles
1156 4578 1186 4627 de
1202 4573 1409 4630 Sonat-Hubert,
1430 4580 1450 4626 t.
1469 4572 1491 4635 l,
1510 4587 1538 4639 p.
1557 4572 1598 4637 78,

465 4666 531 4716 croit
544 4667 665 4732 pouvoir
678 4676 806 4731 reportes
818 4665 843 4715 la
856 4665 1000 4717 fondation
1014 4665 1049 4716 de
1061 4664 1151 4731 Sancy
1165 4678 1228 4714 vers
1243 4662 1318 4722 108&
1333 4675 1364 4712 ce
1376 4658 1447 4711 n'est
1459 4658 1486 4709 13
1496 4657 1601 4726 qu'une

467 4752 635 4818 conjecture;
650 4751 677 4802 le
694 4767 807 4820 passage
823 4753 959 4803 cidessus
975 4752 1068 4803 donne
1080 4750 1105 4803 13
1118 4750 1259 4817 premiere
1270 4747 1335 4799 date
1346 4747 1470 4807 certainc
1485 4758 1602 4797 concer-

468 4847 531 4889 nant
552 4855 584 4892 ce
607 4839 730 4907 prieurs.
761 4839 816 4891 Sur
842 4840 867 4890 la
894 4855 1034 4906 personne
1057 4839 1106 4892 des
1130 4837 1301 4897 landateurs,
1327 4852 1392 4903 toy.
1417 4835 1443 4885 la
1467 4832 1544 4885 bulle
1566 4830 1601 4880 de

468 4923 567 4978 Lucius
581 4927 632 4989 lll,
649 4928 722 4988 1184,
736 4927 790 4989 ln,
804 4926 876 4989 itia,
889 4944 937 4994 pp.
951 4928 983 4993 78
994 4935 1024 4978 et
1035 4927 1107 4979 suiv.
