4450 6125
633 901 710 980 ¹¹4
839 875 1152 958 Cantatorium
1179 878 1274 956 sire
1308 874 1559 957 Chronicon

625 1194 727 1249 resse,
746 1185 784 1237 ut
799 1192 834 1235 se
849 1175 984 1259 vivente
1001 1172 1129 1234 videret
1143 1178 1194 1233 tot
1210 1190 1290 1233 suos
1305 1171 1438 1234 labores
1452 1173 1638 1253 deperisse,
1655 1187 1778 1240 castro

623 1278 715 1359 quod
746 1274 944 1337 firmaverat
976 1273 1258 1353 superexistente.
1295 1272 1433 1335 Veritus
1466 1274 1650 1357 episcopus
1685 1296 1774 1342 cum

623 1377 741 1440 divina
764 1376 891 1439 offensa
916 1385 992 1438 tum
1017 1374 1121 1437 etiam
1150 1374 1323 1454 publicam
1348 1374 1390 1437 de
1416 1393 1551 1439 recessu
1582 1381 1669 1442 tanti
1701 1381 1775 1444 viri

622 1478 813 1550 infamiam,
838 1477 945 1540 edixit
971 1475 1145 1556 preposito
1170 1475 1377 1556 quantocius
1400 1478 1563 1540 abbatem
1589 1496 1771 1557 revocare,

624 1581 789 1642 mandans
810 1580 841 1641 ei
862 1596 897 1640 se
920 1577 1020 1639 malle
1042 1582 1094 1638 tot
1118 1576 1304 1656 impensas,
1328 1594 1414 1657 quas
1438 1577 1476 1638 in
1498 1588 1611 1641 castro
1635 1577 1772 1645 frustra
1821 1597 1834 1647 5

620 1681 837 1760 expenderat,
851 1679 1005 1760 perdere,
1020 1696 1127 1760 quam
1145 1678 1254 1740 Deum
1268 1677 1440 1740 offendere
1455 1679 1642 1762 ipsumque
1656 1681 1709 1745 sic
1731 1694 1772 1746 ut

620 1783 789 1844 recederet
803 1797 1015 1859 exasperare,
1034 1787 1212 1859 pateretur
1228 1790 1343 1840 tamen
1359 1780 1567 1861 quandoque
1582 1782 1646 1843 hoc
1660 1799 1772 1862 agen·

618 1884 704 1946 dum
719 1901 801 1945 eum
816 1892 973 1961 tempore
985 1891 1019 1942 et
1035 1880 1178 1944 ratione.
1189 1879 1345 1940 Tandem
1361 1890 1540 1943 revocatus
1553 1883 1770 1957 abbas,cum

618 1985 777 2064 episcopo
798 1984 890 2062 apud
913 1983 1029 2062 ipsum
1052 1993 1205 2043 castrum
1226 1981 1413 2043 occurisset
1433 1990 1467 2043 et
1482 1993 1644 2062 exceptus
1662 1984 1769 2064 hyla·

620 2086 702 2147 riter
717 2086 760 2146 ab
775 2103 814 2146 eo
829 2083 1048 2157 consedisset,
1065 2081 1284 2164 conquirenti
1299 2099 1334 2144 se
1349 2081 1453 2144 nimis
1466 2084 1510 2145 ab
1523 2101 1564 2145 eo
1574 2084 1714 2166 insequi
1731 2096 1766 2149 et
1801 2102 1834 2141 ιο

618 2184 770 2248 infestari
798 2185 975 2264 respondit
1003 2185 1119 2257 abbas,
1149 2183 1267 2245 animo
1295 2182 1503 2246 desideranti
1537 2185 1644 2247 nichil
1675 2188 1767 2249 satis

617 2285 781 2356 festinari,
799 2286 841 2348 ad
858 2287 924 2348 hoe
939 2285 1097 2365 episcopo
1111 2284 1276 2346 secretius
1297 2285 1489 2364 spondente
1509 2285 1559 2349 illi
1579 2290 1767 2354 absolven-

617 2391 703 2452 dum
727 2405 789 2467 pro
809 2397 903 2450 certo
925 2387 988 2449 sibi
1010 2386 1171 2449 effectum
1194 2384 1300 2465 hujus
1325 2387 1485 2449 desiderii
1511 2388 1578 2464 sui,
1608 2391 1766 2455 necdum

615 2503 731 2554 tamen
746 2489 780 2552 id
799 2507 897 2569 posse
911 2488 1155 2551 convenienter
1171 2485 1256 2560 fieri,
1274 2505 1316 2549 ne
1336 2486 1570 2568 imputaretur
1584 2488 1659 2570 ejus
1675 2491 1765 2555 leri-

614 2592 675 2654 tati
685 2603 700 2630 ⁶
715 2601 788 2653 tam
802 2591 917 2652 subita
931 2589 1062 2651 eversio
1074 2588 1163 2651 tanti
1178 2589 1230 2650 sui
1245 2588 1381 2652 laboris.
1396 2589 1603 2654 Consolatus
1616 2591 1764 2655 interim
1800 2606 1831 2658 ¹5

612 2693 717 2754 abbas
739 2690 856 2764 tacuit,
883 2690 992 2751 Deum
1020 2687 1224 2769 propensius
1251 2706 1407 2764 exorans,
1436 2698 1476 2752 ut
1502 2689 1705 2770 disponeret
1731 2693 1764 2755 ei

613 2792 759 2855 celerem
775 2800 983 2871 proventum
1000 2789 1104 2869 hujus
1120 2807 1181 2850 sue
1194 2789 1450 2867 expectationis.

654 2956 740 3027 (40.)
754 2950 831 3026 (58.)
846 2950 1128 3018 Αυάἰνὶῑείοῐεῑεε
1141 2950 1291 3011 domnus
1308 2951 1648 3030 Petrusvenerabilis
1661 2954 1764 3034 prior

614 3053 753 3117 ecclesie
768 3052 884 3116 Sancti
899 3049 1060 3134 Remigii,
1077 3061 1198 3114 notum
1218 3050 1283 3113 sibi
1304 3051 1388 3114 olim
1404 3051 1630 3116 [ambertum
1644 3051 1765 3134 junio-

616 3172 688 3217 rem
719 3156 845 3216 morari
875 3152 965 3234 apud
995 3152 1166 3214 domnum
1192 3152 1442 3215 Adalberonem
1470 3153 1650 3231 Lauduni;
1677 3157 1763 3238 qui,
1795 3176 1832 3214 ιο

613 3266 792 3336 assumpto
810 3255 999 3319 Thiebaldo
1020 3253 1192 3317 claustrali
1216 3254 1330 3334 priore
1345 3254 1354 3281 ¹
1371 3272 1452 3316 cum
1469 3256 1662 3318 Humberto
1680 3275 1764 3337 pre·

612 3364 764 3431 centore,
793 3355 964 3438 suggessit
984 3355 1099 3417 abbati
1125 3355 1268 3417 ilenrico
1287 3355 1310 3428 ²,
1334 3364 1373 3417 ut
1396 3355 1499 3418 missa
1521 3355 1694 3438 legatione
1717 3359 1763 3422 ad

614 3459 876 3532 adalberonem,
889 3457 1114 3520 Lambertum
1127 3456 1191 3518 sibi
1202 3457 1497 3519 commodandum
1509 3467 1700 3537 expeteret,
1713 3471 1762 3533 et,

612 3560 693 3642 quia
713 3559 891 3622 scolastico
910 3559 1102 3640 indigebat,
1125 3558 1233 3619 scolas
1252 3556 1301 3618 illi
1323 3558 1490 3638 regendas
1508 3559 1762 3624 committeret.

613 3662 680 3723 Nec
696 3672 852 3723 moratus
866 3661 982 3735 abbas,
999 3660 1053 3720 vir
1068 3677 1192 3740 magne
1208 3658 1309 3721 etatis
1328 3669 1361 3720 et
1382 3658 1532 3721 maxime
1552 3662 1762 3737 honestatis,
1795 3681 1829 3734 ²5

615 3762 718 3824 misso
735 3761 915 3824 Heriberto
935 3770 1133 3823 succentore
1149 3750 1170 3833 ³,
1189 3759 1333 3821 dietavit
1344 3759 1374 3821 ei
1389 3758 1403 3798 ⁴
1421 3760 1556 3823 animos
1578 3761 1765 3827 Lamberti

646 3938 672 3970 a,
691 3920 800 3971 lenitati
819 3922 856 3973 A.
870 3949 903 3959 -
914 3919 937 3972 b.
956 3920 1037 3971 Dans
1052 3921 1091 3983 Α,
1104 3937 1137 3969 on
1154 3919 1187 3969 lit
1202 3920 1358 3972 honestatis
1374 3919 1492 3971 dictavit
1510 3919 1597 3972 misso
1612 3919 1768 3978 heriberto

615 4016 781 4059 succentore
794 4008 833 4067 ei;
848 4008 917 4057 erutis
928 4007 972 4057 des
983 4008 1070 4072 signes
1081 4006 1245 4057 ritablissent
1256 4007 1354 4058 l'ordre
1365 4023 1465 4058 comme
1475 4008 1610 4060 ci-desstes.

648 4229 655 4256 ¹
678 4218 841 4271 Claustralis
853 4220 950 4287 prim
970 4218 990 4269 il
1012 4219 1153 4285 remplace
1172 4219 1263 4272 l'abbe'
1280 4227 1309 4271 et
1327 4220 1355 4272 le
1372 4220 1460 4289 grand
1481 4221 1588 4288 prieur,
1609 4222 1680 4291 qu'il
1702 4225 1766 4279 suit

614 4305 855 4357 immediatement
867 4321 902 4355 en
914 4305 1036 4372 dignite5
1050 4306 1070 4356 il
1082 4307 1170 4370 reqoit
1183 4316 1304 4358 souvent
1316 4307 1366 4359 des
1376 4306 1565 4375 coadjuteurs,
1578 4308 1629 4377 qui
1641 4317 1766 4377 portent
1795 4313 1832 4366 30

613 4394 788 4444 eux-memes
799 4392 826 4442 le
839 4393 905 4443 titre
917 4393 952 4444 de
964 4393 1069 4458 prieur.
1081 4393 1155 4461 Voy.
1169 4392 1215 4445 Du
1227 4393 1342 4448 Carras.

649 4487 658 4514 ¹
679 4478 779 4539 chri,
797 4478 868 4529 abbe
885 4478 920 4528 de
938 4477 1111 4531 Sam-Remi
1128 4481 1164 4531 de
1184 4483 1277 4545 107sit
1297 4494 1370 4548 1095.
1389 4480 1445 4533 Sur
1462 4497 1491 4534 sa
1510 4481 1597 4549 triple
1613 4482 1768 4551 prelature

615 4564 650 4631 (il
669 4564 711 4615 lut
730 4580 765 4614 en
785 4566 877 4615 meme
895 4573 988 4630 temps
1006 4564 1077 4616 abbe
1094 4566 1130 4617 de
1150 4565 1331 4620 Hnmblieres
1349 4577 1377 4621 et
1395 4569 1430 4621 de
1445 4567 1586 4638 Nogent),
1602 4579 1633 4624 et
1647 4587 1701 4626 sur
1717 4591 1767 4631 see

613 4651 772 4713 difficultis,
783 4667 817 4702 au
831 4661 1074 4703 commencement
1083 4654 1118 4704 de
1132 4669 1183 4705 sun
1195 4654 1329 4717 abbatiat,
1338 4671 1406 4707 avec
1418 4656 1460 4709 les
1469 4656 1607 4726 religieux
1616 4657 1654 4711 de
1666 4657 1766 4717 Saint-

614 4741 706 4799 Retni,
720 4754 785 4805 roy.
802 4737 892 4787 Gallia
907 4737 1073 4795 Christiana,
1089 4748 1109 4792 t.
1124 4739 1314 4805 tx,c01.230.
1794 4750 1829 4805 33

645 4834 655 4873 3
674 4826 826 4880 Surrentor,
842 4826 889 4891 qui
906 4828 933 4874 in
949 4824 1056 4875 ecclesia
1069 4831 1128 4894 post
1137 4832 1346 4896 praecentorem,
1360 4830 1415 4880 sive
1422 4830 1603 4898 principalem
1617 4841 1762 4892 antonne

608 4912 792 4980 subsequenter
806 4911 923 4960 cernendo
937 4912 1082 4977 respondet,
1102 4914 1144 4965 vel
1157 4914 1204 4979 qui
1211 4913 1285 4978 jacit
1299 4914 1416 4982 officium
1426 4915 1619 4985 principaliter
1634 4918 1666 4971 ἐκ
1676 4920 1765 4978 chero

611 5004 726 5053 sinistro.
741 4997 787 5052 Du
799 4998 914 5051 Cattos.
