4450 6125
613 840 689 923 126
816 842 1128 924 Cantatorium
1157 844 1250 921 sive
1285 839 1541 920 Chronicon

481 1152 554 1204 1086.
604 1138 714 1218 major
734 1155 813 1200 cum
836 1147 1005 1217 apparatu
1027 1135 1211 1198 revectioni
1233 1134 1307 1214 ejus
1324 1150 1488 1214 congruo.
1507 1133 1597 1196 Cum
1610 1133 1754 1197 veroin

454 1265 485 1302 22
501 1255 578 1305 aoot.
602 1239 752 1300 crastino
776 1237 863 1299 circa
892 1241 1015 1300 horam
1044 1254 1172 1298 nonam
1201 1234 1496 1315 appropinquaret
1521 1236 1751 1312 monasterio,

600 1339 741 1401 divertit
755 1356 858 1418 super
876 1339 1049 1401 Lumnam
1070 1337 1218 1400 fluvium
1239 1336 1274 1397 iu
1294 1336 1446 1416 quodam
1467 1334 1753 1412 circumjacentis

599 1445 683 1506 silve
705 1453 815 1524 prato,
840 1463 881 1506 ne
903 1445 982 1525 quis
1002 1441 1099 1505 fieret
1122 1460 1186 1523 pro
1207 1459 1247 1503 eo
1269 1439 1446 1521 popularis
1466 1440 1653 1520 planctus‘
1680 1451 1751 1504 aut

599 1546 836 1609 tumultuatio.
862 1546 918 1608 Sic
938 1546 1064 1607 evitata
1086 1541 1245 1624 populari
1267 1540 1501 1620 expectatione
1518 1542 1539 1614 ¹,
1561 1541 1597 1602 in
1626 1543 1749 1623 prima
1797 1553 1813 1607 5

598 1645 737 1727 vigilia²
753 1647 860 1709 noetis
875 1635 1075 1707 Dominice³
1089 1650 1252 1722 exceptus
1262 1652 1313 1704 est
1327 1659 1409 1703 cum
1425 1640 1577 1703 maximo
1588 1639 1746 1707 fratrum

600 1765 744 1809 merore.
774 1747 922 1810 Summo
946 1757 1064 1809 autem
1093 1763 1196 1806 mane
1224 1742 1322 1805 affuit
1350 1743 1400 1804 illi
1429 1742 1621 1824 episcopus,
1657 1762 1746 1808 cum

599 1849 792 1929 Berengero
813 1848 946 1910 abbate.
972 1846 1027 1908 l·lii
1050 1845 1195 1907 eumad
1218 1862 1300 1906 eum
1322 1842 1503 1918 intrarent,
1519 1843 1576 1905 ille
1590 1845 1747 1910 collectis

597 1948 729 2010 viribus
750 1949 871 2010 sedens
892 1949 927 2008 in
952 1948 1051 2021 lecto,
1076 1945 1206 2027 gratias
1232 1946 1300 2007 Deo
1324 1945 1405 2025 egit,
1431 1951 1466 2007 et
1489 1944 1652 2024 imposita
1673 1946 1745 2009 sibi

596 2049 696 2121 stola,
722 2048 845 2112 fratres
865 2066 946 2110 suos
971 2058 1043 2109 tam
1067 2057 1243 2127 presentes
1267 2064 1374 2128 quam
1399 2049 1556 2109 absentes
1578 2048 1742 2123 absolvit,
1777 2067 1814 2105 10

596 2149 781 2231 divineque
803 2148 1035 2211 misericordie
1057 2148 1327 2221 commendavit,
1343 2157 1376 2209 et
1396 2147 1444 2210 sic
1465 2149 1610 2211 demum
1634 2151 1746 2215 eccle-

596 2249 732 2312 siastico
759 2268 854 2311 more
889 2268 924 2312 se
954 2250 1022 2312 Deo
1050 2249 1346 2311 reconciliandum
1373 2247 1531 2329 episcopo
1558 2250 1748 2315 humiliter

597 2349 736 2411 obtulit.
765 2348 837 2410 Hiis
865 2349 1029 2410 omnibus
1057 2349 1141 2430 hora
1169 2347 1236 2410 sere
1265 2349 1403 2411 tercia⁴
1430 2349 1586 2429 expletis,
1615 2350 1747 2416 exinde

598 2450 741 2512 studens
752 2449 889 2512 silentio
905 2459 939 2512 et
955 2449 1071 2510 divine
1086 2449 1380 2526 contemplationi,
1395 2450 1431 2511 in
1446 2450 1638 2514 crastinum
1654 2455 1745 2518 hora

628 2667 654 2702 a.
669 2649 800 2715 placntus
812 2650 848 2699 A.

633 2987 639 3014 ¹
659 2978 700 3029 Le
718 2994 831 3047 passage
849 2980 1070 3046 correspondent
1088 2981 1126 3032 du
1147 2979 1205 3031 Vita
1221 2979 1381 3037 Theoderici,
1401 2996 1426 3032 c.
1446 2994 1487 3047 29,
1505 2981 1567 3033 doit
1583 2983 1646 3035 etre
1662 2984 1745 3038 cite:

597 3065 724 3116 Pcrlatus
731 3073 769 3116 est
776 3065 983 3132 (Theodericus)
993 3084 1044 3117 non
1054 3067 1130 3134 longe
1137 3085 1153 3117 a
1164 3069 1322 3118 rrronasterio
1331 3068 1407 3133 infra
1412 3070 1599 3135 possessionem
1608 3070 1746 3126 ecclesiae.

595 3151 780 3203 Praecesserat
791 3160 881 3203 autem
892 3154 956 3217 jam
968 3152 1047 3203 illum
1056 3154 1138 3219 sarno
1153 3156 1247 3219 magni
1256 3152 1352 3203 doloris
1369 3155 1569 3221 nuntiantque
1585 3172 1618 3205 ex
1635 3158 1703 3208 arcis
1721 3168 1749 3210 et

593 3240 668 3305 agris
674 3247 699 3288 et
707 3240 786 3306 pagis
796 3246 875 3306 atque
886 3238 1138 3303 circumjacentibus
1148 3238 1269 3289 ecclesiae
1281 3239 1353 3289 villis
1364 3239 1479 3290 rnaltam
1491 3239 1549 3290 illic
1559 3240 1667 3293 turbam
1678 3260 1746 3295 con·

595 3334 726 3389 tracerat,
737 3342 804 3392 quac
814 3342 896 3376 ruens
908 3325 992 3388 obvia,
1003 3325 1160 3392 plangentia
1166 3326 1262 3392 jungit
1272 3328 1392 3392 agmina.
1406 3355 1439 3364 —
1451 3355 1484 3364 -
1494 3356 1528 3364 -
1538 3327 1644 3396 Magno
1654 3330 1747 3398 igitur
1776 3344 1815 3384 20

595 3412 735 3477 utriusque
743 3410 854 3477 planctu
867 3419 891 3461 et
903 3410 1123 3476 rrciserabilijIetu
1134 3413 1223 3477 primo
1238 3414 1321 3462 noctis
1332 3414 1410 3463 initio
1419 3416 1579 3478 perveniunt
1588 3416 1625 3466 ad
1632 3425 1746 3483 portam

595 3498 760 3558 monasterii,
782 3496 828 3547 uhi
847 3514 879 3547 cc
895 3503 1033 3563 praecepto
1051 3496 1206 3548 uenerabilis
1222 3500 1302 3562 senes,
1322 3516 1355 3548 ne
1372 3499 1489 3550 uidelicet
1503 3503 1631 3569 strepitus
1645 3505 1747 3571 populi

587 3585 651 3647 jam
668 3586 826 3651 quiescentes
843 3585 872 3633 in
890 3585 1044 3635 dormitorio
1061 3586 1241 3651 inquietarent
1249 3585 1364 3650 fratres,
1384 3585 1501 3637 ciclusis
1514 3589 1618 3653 ceteris,
1636 3606 1747 3644 mom

595 3672 660 3720 terio
676 3678 713 3720 est
724 3672 843 3721 innectus
854 3688 870 3720 a
882 3672 1039 3724 darnesticis.
1055 3671 1079 3722 ll
1091 3687 1109 3738 y
1122 3687 1138 3722 a
1150 3679 1241 3723 certes
1252 3672 1389 3739 quelques
1400 3673 1585 3741 divergences
1599 3675 1636 3727 de
1651 3675 1746 3730 detail

595 3766 677 3807 entre
689 3756 729 3807 les
741 3756 815 3807 deux
828 3757 926 3816 ricus:
944 3759 1014 3808 mais
1031 3757 1101 3809 elles
1118 3757 1307 3824 s'expliquent
1319 3758 1384 3825 plus
1395 3773 1499 3811 encore
1510 3776 1560 3828 par
1576 3761 1744 3819 l'intention
1776 3781 1811 3834 25

597 3840 738 3892 laudative
750 3841 787 3892 du
804 3841 873 3899 Vita,
890 3858 946 3909 que
958 3858 1009 3909 par
1026 3843 1221 3895 l'insuffisante
1241 3845 1358 3912 rigueur
1373 3845 1411 3896 du
1432 3845 1544 3899 resume
1560 3847 1597 3900 de
1612 3848 1639 3901 lc
1656 3849 1746 3904 Chro-

597 3929 686 3994 nique.

631 4020 640 4047 ²
658 4011 756 4062 Primo
767 4015 850 4063 noctis
862 4015 948 4071 initio,
968 4014 1026 4065 Vita
1042 4014 1203 4073 Theoderici,
1215 4032 1240 4069 c.
1255 4031 1296 4084 29,
1308 4032 1373 4085 voy.
1386 4019 1532 4083 cidessus,
1545 4035 1574 4074 n.
1591 4035 1613 4075 1.
1623 4021 1665 4075 L!
1677 4027 1747 4078 nuit

597 4115 627 4150 se
638 4098 752 4150 divisait
767 4114 803 4150 en
815 4110 914 4167 quatre
926 4101 1035 4163 veilles,
1048 4102 1085 4153 de
1100 4104 1171 4155 trois
1189 4106 1292 4156 heures
1309 4106 1444 4159 chacune.
1457 4106 1512 4158 Les
1528 4108 1620 4161 douae
1636 4110 1748 4166 heures

597 4186 632 4237 de
649 4186 713 4237 nuit
729 4185 835 4238 etaient
847 4187 883 4238 de
895 4187 982 4239 duree
995 4189 1128 4251 variable,
1142 4190 1255 4242 suivant
1273 4191 1314 4243 les
1330 4192 1447 4244 saisons.
1461 4192 1746 4263 Voy.Foucst.1.1rt1,
1778 4213 1815 4264 30

510 4278 515 4287 ’
598 4280 625 4322 τ’)
637 4271 741 4339 vigilia.

631 4366 642 4405 3
661 4358 804 4412 L'arrivde
815 4363 830 4410 it
843 4358 1049 4413 saint-Hubert
1060 4371 1109 4413 eut
1122 4362 1179 4414 lieu
1193 4362 1219 4414 le
1232 4377 1262 4414 22
1275 4367 1352 4430 aout,
1365 4367 1381 4415 it
1393 4365 1419 4416 la
1430 4366 1506 4426 nuit;
1517 4381 1583 4434 voy.
1592 4367 1747 4434 cremus,

599 4460 626 4511 p.
643 4458 699 4509 125,
713 4460 741 4497 n.
757 4459 781 4509 3.
794 4445 845 4507 Or,
860 4446 886 4496 le
897 4446 1055 4509 dimanche,
1068 4447 1139 4499 dont
1151 4448 1172 4498 il
1189 4457 1231 4499 est
1248 4451 1379 4517 question
1392 4451 1437 4515 ici,
1455 4451 1553 4505 tumbe
1570 4452 1598 4504 le
1614 4465 1646 4518 23
1661 4459 1746 4513 sotlt.

600 4531 623 4581 ll
637 4530 694 4581 laut
706 4532 777 4583 donc
789 4534 926 4585 entendre
938 4549 989 4601 par
997 4536 1080 4584 noctis
1088 4534 1240 4598 Dominice,
1252 4537 1279 4588 la
1289 4538 1352 4589 nuit
1364 4538 1401 4589 du
1414 4540 1521 4591 samedi
1530 4555 1567 4592 su
1578 4540 1747 4602 dimanche.

602 4617 648 4678 Et,
669 4633 704 4668 en
725 4618 802 4683 ellel,
821 4620 882 4671 rien
900 4621 970 4672 n'est
988 4620 1053 4687 plus
1070 4622 1308 4676 vraisemblable:
1327 4624 1419 4677 l'abbe
1435 4641 1503 4678 aura
1520 4626 1608 4680 voulu
1625 4628 1689 4683 etro
1707 4632 1749 4686 de
1780 4650 1814 4703 35

601 4714 698 4756 retour
709 4707 724 4755 i
736 4721 788 4756 son
800 4710 968 4770 monestere,
982 4724 1040 4759 non
1058 4708 1085 4759 le
1097 4709 1246 4761 dimanche
1263 4711 1331 4773 soir,
1346 4712 1416 4763 mais
1433 4727 1506 4781 pour
1522 4712 1550 4765 la
1564 4713 1687 4781 ioum&
1703 4719 1748 4774 du

600 4792 759 4846 dimanche.

634 4885 646 4920 t
664 4875 734 4928 Vers
747 4892 759 4941 3
774 4880 875 4931 heures
887 4881 922 4931 de
934 4881 1126 4948 lapsos-midi.
1141 4881 1200 4936 Cir.
1221 4882 1279 4934 Vita
1295 4883 1456 4953 Theoderici,
1468 4903 1509 4940 cc.
1523 4900 1556 4952 30
1566 4895 1596 4942 el
1607 4889 1685 4944 suiv.
