4450 6125
574 898 653 979 242
778 875 1213 957 cantatorium-stae
1247 873 1498 956 chronicon

454 1193 523 1230 noi.
570 1170 651 1229 dam
666 1168 792 1246 injuste
808 1168 952 1230 Otberto
963 1167 1166 1238 faventibus,
1179 1167 1407 1249 quisbusdam
1420 1168 1618 1249 Berengero
1629 1169 1715 1242 iuste

568 1272 820 1338 attestantibus,
834 1270 1017 1331 subintulit
1030 1270 1195 1332 Otbertus
1208 1269 1358 1347 predicte
1370 1267 1566 1331 donationis
1579 1268 1712 1331 nullum

568 1372 789 1450 privilegium
809 1390 891 1444 esse,
915 1371 966 1432 vel
984 1372 1012 1433 si
1031 1381 1130 1440 esset,
1153 1370 1237 1431 illud
1259 1372 1294 1431 in
1316 1368 1465 1449 presenti
1482 1369 1571 1430 velle
1585 1368 1710 1442 videre,

568 1475 710 1551 putabat
725 1474 818 1533 enim
832 1490 898 1532 non
911 1474 1043 1546 adesse;
1060 1480 1157 1551 uterq
1164 1490 1204 1534 ue
1219 1471 1387 1533 llenricus
1398 1475 1420 1543 ¹,
1436 1480 1474 1532 ut
1486 1481 1587 1532 erant
1600 1467 1711 1531 fideles

565 1574 712 1643 ecclesie,
733 1573 913 1633 Wiredum
933 1574 1109 1645 adeuntes,
1127 1571 1296 1652 privilegii
1311 1569 1529 1652 questionem
1545 1568 1708 1644 iecerunt,
1747 1595 1755 1644 ,ς

565 1674 658 1753 quod
685 1672 712 1734 si
740 1675 935 1746 haberetur,
966 1674 1199 1735 committeret
1224 1672 1272 1735 eis
1299 1672 1443 1734 Otberto
1467 1673 1706 1736 delerendum.

568 1774 689 1836 Exacta
711 1789 743 1836 et
764 1786 900 1854 accepta
922 1774 988 1836 fide
1005 1774 1172 1837 referendi
1188 1776 1425 1846 commissum,
1444 1773 1609 1838 Wiredus
1623 1792 1709 1836 oom-

566 1876 659 1936 misit
676 1876 830 1957 utrisque
847 1876 1079 1957 privilegium.
1098 1875 1197 1952 Quod
1211 1894 1291 1938 cum
1303 1874 1506 1955 interposita
1516 1875 1706 1938 conditione

566 1975 648 2036 illud
680 1977 843 2038 reddendi
872 1977 1075 2039 obtulissent
1101 1976 1256 2048 Otberto,
1284 1976 1409 2058 illeque
1435 1985 1632 2057 acceptum,
1658 1976 1705 2038 rel

563 2078 636 2149 joco
652 2079 703 2136 vel
723 2077 810 2138 serio
826 2088 1008 2139 conaretur
1024 2077 1183 2150 retinere,
1203 2094 1335 2139 morose
1353 2075 1579 2156 explicatum,
1598 2093 1704 2138 moro·
1730 2097 1752 2134 ιο

563 2177 634 2236 sius
646 2178 736 2255 cepit
748 2178 867 2257 legere.
880 2178 1142 2259 AtBerengerus
1154 2177 1310 2239 alludens
1321 2177 1419 2258 quasi
1435 2180 1505 2254 jam
1527 2177 1702 2240 cecutieoti

562 2286 595 2338 et
625 2279 701 2339 ideo
726 2279 760 2339 in
792 2279 935 2359 legendo
964 2279 1128 2348 tardanti,
1155 2279 1230 2339 dari
1258 2280 1322 2341 sibi
1348 2279 1536 2358 legendum
1563 2279 1702 2358 rogarit.

563 2376 764 2458 Indignatus
778 2378 813 2438 in
829 2396 910 2439 eum
927 2378 1103 2451 Otbertus,
1120 2378 1217 2459 quasi
1233 2377 1282 2438 illi
1299 2395 1367 2439 non
1384 2379 1468 2439 benc
1480 2378 1603 2440 videns
1615 2379 1702 2440 vide·

562 2487 666 2548 retur,
689 2478 778 2556 cepit
800 2480 908 2558 legere
933 2479 1045 2550 citius,
1063 2480 1255 2560 Berengero
1270 2479 1415 2541 iterante
1431 2497 1473 2540 ne
1487 2493 1699 2558 gravaretur,

561 2579 623 2638 hac
652 2578 723 2656 ipsa
754 2580 866 2641 nitens
894 2581 1102 2654 incitatione,
1133 2592 1172 2642 ut
1201 2580 1234 2642 in
1259 2581 1494 2661 subscriptum
1520 2581 1699 2644 anathema
1726 2595 1746 2646 ¹5

562 2681 766 2757 perlegendo
788 2681 960 2742 incideret.
981 2682 1132 2744 Perlecto
1149 2682 1337 2763 privilegio,
1354 2698 1434 2743 cum
1451 2681 1605 2744 novitate
1620 2693 1699 2744 tem·

560 2780 652 2857 poris
677 2791 921 2842 attestarentur
945 2784 1074 2863 quique
1100 2794 1274 2862 presentes
1299 2799 1421 2844 verum
1445 2780 1534 2843 illud
1560 2799 1645 2852 esse,
1669 2799 1700 2844 se

561 2878 711 2958 legitime
731 2879 906 2942 donationi
930 2882 1064 2942 llenrici
1085 2881 1257 2961 pontilicis
1278 2881 1484 2955 interfuisse,
1507 2899 1613 2964 seque
1627 2899 1699 2944 eam

559 2980 683 3040 vidisse
702 2991 735 3042 et
755 2983 903 3054 audisse,
926 2994 1065 3043 evocato
1081 2983 1221 3044 Wiredo
1236 2982 1455 3064 privilegium
1473 2981 1609 3062 publice
1624 2999 1698 3065 pro·

560 3082 677 3143 batum
701 3083 748 3143 illi
770 3084 930 3157 reddidit,
947 3085 1053 3145 dilato
1068 3086 1194 3161 judicio
1208 3096 1324 3146 exacte
1336 3082 1697 3147 excommunicationis
1722 3100 1747 3137 a

557 3182 599 3241 ad
620 3182 744 3245 festum
767 3204 913 3266 sequens
936 3186 1022 3248 beati
1041 3185 1226 3247 Lamberti.
1245 3184 1323 3261 Quo
1344 3185 1429 3246 dum
1450 3185 1594 3247 abbates
1612 3184 1697 3265 epis·

557 3285 643 3361 cupii
669 3288 915 3357 convenissent,
946 3297 978 3348 et
1009 3305 1112 3348 causa
1141 3287 1270 3348 Wiredi
1302 3286 1475 3359 ventilata,
1503 3286 1554 3348 illi
1582 3304 1696 3367 pacem

555 3386 817 3454 adjudicassent.
840 3406 879 3448 eo
898 3388 989 3468 quod
1010 3388 1400 3450 excommunicationem
1416 3386 1646 3467 episcopalem
1660 3386 1698 3448 de

555 3483 697 3546 infracta
714 3506 794 3564 pace
816 3507 878 3548 sua
899 3489 1252 3549 excommunicatione
1268 3486 1518 3557 confirmasset,
1532 3486 1696 3551 otbertus

554 3585 691 3646 interim
713 3589 924 3650 dissimulata
948 3590 1194 3667 indignatione,
1217 3588 1453 3669 tuncquidem
1469 3587 1578 3663 siluit,
1595 3606 1695 3669 seque
1719 3606 1742 3657 ις

554 3686 746 3763 plurimum
772 3689 908 3767 gravari
936 3690 1181 3767 privatioribus
1208 3689 1277 3750 suis
1303 3688 1479 3766 sepissime
1507 3688 1693 3769 deplanxit.

557 3788 652 3847 Unus
670 3807 792 3849 eurum
817 3790 943 3861 liruno,
960 3807 1039 3850 cum
1056 3808 1091 3851 se
1104 3789 1256 3868 jactaret,
1274 3788 1370 3869 quasi
1387 3789 1449 3851 loct
1466 3788 1572 3863 huius
1584 3788 1695 3852 archi·

553 3889 729 3959 diaconus,
757 3892 866 3969 ipsam
892 3891 1067 3952 ecclesiam
1084 3901 1118 3952 et
1139 3891 1321 3953 Wiredum
1336 3889 1583 3972 qualicumque
1604 3907 1694 3953 occa·

554 3988 647 4049 sione
672 4004 912 4069 gravaturum,
940 3994 1098 4055 hortatus
1121 4004 1172 4055 est
1195 3992 1370 4065 Otbertus,
1388 3992 1421 4053 id
1438 3992 1606 4055 attentius
1620 4008 1692 4055 exe·

552 4094 743 4170 quendum.
1717 4112 1743 4163 Ρ

464 4308 504 4339 o.
593 4287 651 4343 94.
687 4283 785 4351 (123.)
818 4287 915 4344 Anno
949 4284 1132 4345 millesimo
1160 4284 1345 4345 centesimo
1373 4291 1498 4365 quarto
1528 4280 1692 4347 lucamati

554 4382 665 4447 Verbi.
693 4385 808 4444 lirano
830 4384 1101 4453 archidiaconus,
1118 4383 1267 4444 collectis
1293 4383 1489 4462 presbiteris
1510 4383 1692 4465 quamplu-

587 4692 592 4715 ¹
617 4684 725 4749 {lemae
755 4686 900 4739 Ilua-aas.
926 4687 1092 4736 cestii-dire
1120 4686 1208 4737 lleuri
1232 4686 1413 4746 archidiacre,
1438 4682 1483 4735 stis
1505 4686 1541 4737 de
1564 4682 1689 4737 Gooeion

550 4782 642 4821 curule
655 4772 688 4820 tle
705 4770 848 4831 litamine
862 4786 887 4821 et
902 4773 936 4821 ele
951 4772 1093 4837 lle-hiique,
1107 4786 1133 4823 et
1149 4790 1198 4823 sun
1213 4789 1302 4823 tri-teu
1320 4772 1419 4829 ilenti,
1432 4770 1590 4839 &galement
1602 4770 1690 4825 archi·

548 4858 651 4910 diacre.
672 4858 714 4906 liis
732 4859 767 4907 de
784 4861 884 4908 l'unun
903 4872 995 4909 curule
1013 4861 1047 4910 ile
1068 4860 1223 4923 iluntaigu,
1244 4858 1336 4926 lequel
1349 4860 1417 4910 erait
1430 4856 1503 4909 frere
1514 4856 1552 4911 du
1566 4858 1687 4927 premier
1711 4864 1736 4915 ii

552 4944 650 4993 ile-uri.
666 4945 768 5011 l'uyez.
784 4962 855 5011 punt·
868 4946 930 5011 plus
942 4946 976 4995 de
989 4946 1098 5006 details,
1111 4946 1256 5006 ct-dcssus,
1270 4962 1297 5012 p.
1310 4948 1351 5005 62,
1365 4960 1393 4997 n.
1410 4958 1432 4999 t.
