4450 6125
875 855 1029 934 Sancti
1058 854 1270 937 Huberli.
1572 863 1644 967 ¹57

508 1144 670 1210 fidentior
698 1160 782 1212 esset
811 1152 847 1212 in
874 1153 1099 1233 malignitatis
1123 1154 1310 1216 exercende
1339 1155 1581 1237 [executionel.
1612 1157 1647 1217 ln

505 1246 625 1309 eadem
640 1257 757 1312 autern
768 1251 825 1314 die
836 1253 1041 1316 reversionis
1052 1271 1113 1316 sue
1126 1253 1303 1316 mandavit
1316 1255 1508 1337 Berengero
1519 1258 1646 1330 abbati,

507 1354 547 1408 ut
567 1346 639 1411 sine
660 1348 823 1414 dilatione
844 1355 888 1414 ab
909 1353 1049 1416 ecclesia
1072 1353 1186 1415 Sancti
1211 1353 1386 1416 Laurentii
1410 1354 1597 1417 discederet
1615 1364 1649 1418 et

507 1446 721 1513 Guolbodoni
743 1452 916 1516 abbatiam
942 1454 1044 1517 libere
1066 1456 1262 1517 habendam
1287 1455 1505 1537 relinqueret.
1524 1456 1648 1518 Beren-

464 1573 478 1624 5
507 1565 622 1629 gerus,
653 1568 695 1615 ne
723 1553 1003 1618 irrationabiliter
1030 1556 1228 1636 culparetur
1262 1556 1420 1634 abjecisse
1457 1555 1646 1626 eeclesiam,

506 1668 612 1731 quarn
636 1652 789 1733 legaliter
811 1664 1004 1736 susceperat
1027 1660 1224 1738 regendam,
1240 1660 1276 1721 in
1297 1659 1487 1721 crastinum
1504 1656 1649 1718 Otberto

505 1768 541 1811 se
556 1752 774 1830 presentavit,
788 1766 948 1817 causatus
964 1756 1102 1834 publice
1117 1774 1233 1819 coram
1249 1756 1449 1819 melioribus
1459 1768 1474 1794 ⁴
1488 1755 1646 1826 civitatis,

505 1852 611 1915 nimis
624 1852 751 1929 injuste
770 1872 805 1916 se
825 1859 1043 1938 pregravari;
1059 1859 1133 1922 sine
1152 1859 1280 1934 judicio
1294 1857 1462 1938 justitiam
1482 1858 1648 1919 violenter

505 1953 673 2035 opprimi;
693 1956 848 2019 divinam
863 1959 1006 2039 quidem
1022 1959 1073 2021 vel
1089 1960 1361 2040 dispositionem,
1379 1959 1431 2021 vel
1453 1958 1647 2039 permissio-

449 2078 480 2113 to
507 2072 586 2118 nem
602 2057 735 2134 placere
750 2058 829 2132 sibi;
842 2059 927 2121 velle
943 2070 1057 2122 tamen
1074 2062 1117 2122 ab
1132 2063 1181 2123 eis
1192 2061 1333 2131 censeri,
1351 2061 1379 2123 si
1393 2061 1441 2123 sic
1459 2069 1649 2122 mereretur

506 2160 644 2220 tractari
652 2157 671 2215 1.
683 2157 982 2222 Succlamantibus
994 2161 1239 2244 quibusque,et
1251 2164 1314 2224 hoc
1327 2162 1431 2224 nimis
1442 2160 1649 2240 injuriosum

504 2278 587 2334 esse,
610 2278 670 2322 nec
685 2262 752 2323 tale
766 2262 849 2343 quid
867 2262 966 2324 illum
989 2263 1058 2341 pati
1075 2264 1209 2336 debere,
1227 2263 1404 2343 respondit
1424 2262 1599 2335 Otbertus,
1614 2261 1648 2321 id

504 2361 621 2441 ipsum
636 2379 670 2424 se
687 2362 771 2425 bene
788 2381 1040 2443 recognoscere,
1056 2365 1115 2425 sed
1133 2373 1333 2444 preceptum
1353 2364 1484 2425 domini
1504 2363 1559 2425 sui
1582 2380 1649 2423 non

504 2479 576 2523 esse
593 2465 862 2542 pretereundum
880 2464 955 2537 sibi,
969 2466 1061 2546 quod
1077 2465 1148 2526 sive
1163 2467 1307 2544 justum,
1327 2466 1398 2527 sive
1413 2464 1581 2542 injustum
1598 2463 1647 2524 illi

448 2579 475 2630 15
505 2562 679 2636 juraverat
706 2565 958 2645 exequendum.
987 2566 1035 2628 Ad
1067 2567 1129 2627 hec
1164 2567 1377 2647 Berengerus
1404 2565 1645 2628 constantior:

504 2663 584 2725 Sine
617 2683 741 2744 niagno
774 2667 902 2741 dolore,
937 2666 1068 2747 inquit,
1100 2668 1323 2747 relinquitur,
1352 2668 1440 2747 quod
1474 2683 1538 2726 non
1571 2682 1647 2725 cum

503 2785 627 2846 magno
648 2785 760 2827 amore
780 2768 975 2845 possidetur.
1001 2766 1056 2829 Sic
1082 2768 1277 2849 digrediens
1300 2768 1380 2830 tulit
1402 2784 1520 2828 secum
1547 2767 1649 2828 bacu-

503 2867 577 2929 lum
606 2885 711 2949 quem
740 2870 877 2930 tenebat
907 2869 1132 2948 pastoralem,
1164 2869 1406 2931 attestantibus
1435 2867 1646 2948 quibusque,

503 2971 578 3049 ipso
595 2987 732 3052 quoque
748 2970 903 3042 Otberto,
922 2972 1012 3032 hunc
1027 2971 1076 3032 illi
1089 2972 1177 3050 juste
1192 2971 1384 3033 convenire.
1405 2970 1446 3031 Et
1460 2967 1648 3048 assumptis

443 3084 476 3122 ²0
503 3089 620 3133 secum
637 3068 799 3133 fratribus
814 3089 901 3151 quos
916 3072 1045 3150 placuit
1058 3071 1135 3143 sibi,
1151 3072 1289 3132 secessit
1303 3070 1346 3130 ad
1362 3069 1540 3132 ecclesiam
1558 3069 1646 3130 beati

505 3172 647 3234 liuberti
662 3172 684 3245 ¹,
696 3190 802 3253 quam
819 3173 920 3250 plane
936 3173 1195 3252 recognoscebat
1209 3181 1354 3234 matrem
1368 3170 1600 3232 conversionis
1613 3180 1647 3232 et

503 3270 747 3352 professionis⁶
767 3290 837 3334 sue.
863 3271 908 3333 lbi
929 3281 1106 3353 gratanter
1127 3279 1302 3350 exceptus,
1320 3289 1398 3331 cum
1422 3269 1557 3331 illatam
1576 3286 1645 3330 non

501 3372 617 3435 solum
637 3374 700 3435 sibi
724 3373 887 3451 iniuriam
911 3371 1060 3444 referret,
1081 3372 1139 3433 sed
1162 3373 1266 3433 etiam
1290 3370 1444 3449 publicas
1465 3370 1645 3431 exordina-

503 3477 625 3551 tiones,
648 3495 734 3557 quas
761 3476 925 3538 Otbertus
956 3487 1082 3537 temere
1104 3477 1294 3540 exercebat.
1326 3493 1405 3536 cum
1436 3475 1646 3535 Theoderico

443 3587 473 3636 25
502 3579 625 3641 abbate
639 3587 672 3638 et
687 3576 851 3639 iratribus
866 3576 1047 3647 conferret,
1064 3576 1192 3637 scilicet
1213 3578 1303 3656 quod
1325 3577 1366 3638 de
1391 3593 1496 3636 manu
1512 3591 1645 3635 excom·

535 3815 560 3848 a.
582 3797 727 3848 meliribus
740 3799 775 3848 ,1.
792 3827 821 3834 -
839 3796 862 3846 l.
883 3798 1022 3846 tractaturi
1036 3797 1073 3845 ,1.
1088 3825 1117 3831 -
1136 3812 1158 3844 r.
1181 3795 1258 3844 lloos
1272 3796 1308 3845 A.
1323 3810 1355 3842 on
1369 3792 1401 3841 111
1418 3791 1599 3858 professionis
1616 3801 1643 3840 et

501 3885 705 3943 conversionis,
719 3887 787 3933 rnois
799 3886 900 3945 corripi
912 3900 943 3931 en
957 3899 980 3932 c.
996 3902 1020 3933 e,
1036 3899 1062 3946 p.

502 4077 790 4087 -----

501 4233 546 4268 ses
566 4218 640 4268 deux
662 4217 884 4283 predecesseurs‚
910 4215 1056 4281 Hidulphe
1075 4217 1249 4278 (lopo-1079)
1271 4222 1297 4260 et
1318 4212 1439 4275 Sregwin
1459 4209 1643 4272 (lopo-1089),

501 4305 593 4354 c'etait
619 4320 672 4354 une
696 4304 823 4354 creature
847 4303 967 4355 d'iienri
993 4301 1040 4351 IV.
1067 4301 1138 4366 Voy.
1166 4299 1198 4349 R.
1225 4298 1327 4353 Boxrx,
1354 4297 1407 4346 Dr'r
1430 4297 1577 4358 Besetzung
1599 4294 1644 4341 der

440 4397 474 4445 30
501 4391 639 4439 deutschen
656 4392 793 4440 Bislr'imcr
804 4393 832 4438 r'n
846 4392 893 4438 den
907 4390 999 4439 lelclen
1012 4404 1050 4451 30
1063 4387 1168 4451 Johren
1184 4384 1332 4435 Heinrichs
1346 4382 1586 4447 ivnon-1105).

539 4486 544 4510 ¹
567 4477 605 4527 lle
625 4477 691 4529 recit
710 4477 745 4528 de
764 4476 917 4527 l'audience
933 4477 967 4526 de
981 4474 1075 4541 Lie'ge,
1091 4473 1129 4524 tel
1143 4489 1197 4540 que
1210 4487 1282 4522 nous
1294 4469 1321 4520 le
1333 4470 1427 4520 donne
1441 4468 1466 4518 la
1481 4468 1641 4533 Cinnanique,

500 4576 543 4616 est
568 4564 788 4631 l'amplilication
811 4563 942 4615 detaillee
965 4574 993 4613 et
1018 4564 1104 4614 vecue
1125 4561 1160 4612 de
1180 4559 1253 4611 celui
1274 4559 1310 4610 de
1332 4556 1464 4616 Rursus,
1485 4571 1561 4605 oum.
1583 4556 1641 4608 rire,

501 4669 524 4703 c.
540 4654 581 4712 16.
601 4652 675 4702 (J'est
695 4651 719 4701 l'a
739 4666 776 4702 un
795 4651 843 4701 des
857 4650 1013 4701 nombreux
1028 4663 1155 4715 vussages
1167 4649 1215 4713 qui
1230 4653 1401 4712 permanent
1414 4642 1565 4694 d'afflrmer
1577 4655 1643 4690 avec

500 4739 641 4790 certitudo
659 4755 715 4805 que
736 4749 817 4788 notre
837 4738 1029 4803 chroniqueur
1046 4737 1159 4786 connalt
1181 4733 1289 4800 Rupert
1311 4743 1339 4783 et
1359 4729 1427 4798 qu'il
1448 4728 1562 4779 l'utilise
1583 4731 1598 4776 .’1
1619 4726 1645 4776 la

442 4833 471 4882 35
503 4827 626 4875 manicre·
650 4826 715 4875 d'un
743 4840 868 4878 canovas.
896 4824 1021 4887 ajoutant
1046 4824 1060 4871 iv
1084 4837 1115 4872 ce
1143 4820 1254 4870 resume
1280 4822 1338 4869 tres
1364 4817 1458 4867 concis
1485 4815 1526 4865 les
1554 4814 1644 4862 riche>

501 4913 627 4962 donnees
639 4912 723 4962 d'une
737 4908 917 4961 informatiou
932 4908 1085 4959 ulterieure
1097 4907 1147 4958 des
1160 4906 1223 4971 plus
1235 4904 1485 4957 consciencieuses.
