4450 6125
632 884 714 936 210
845 856 1157 938 Cantatorium
1186 862 1279 937 sive
1315 854 1565 937 Chronieon

628 1170 742 1213 eorum
771 1153 920 1222 consilio,
948 1156 1008 1232 qui
1031 1155 1061 1214 ei
1089 1155 1159 1214 dati
1187 1153 1318 1222 fuerant
1346 1154 1389 1211 ad
1417 1150 1588 1211 auxilium
1618 1150 1771 1229 augendi

626 1251 813 1329 religionis,
829 1254 913 1324 cepit
935 1254 1088 1313 adherere
1109 1253 1322 1327 complicibus
1345 1253 1495 1322 levitatis,
1519 1256 1549 1311 et
1570 1250 1771 1311 remissius⁴

625 1352 778 1412 retaxare
798 1353 1036 1412 districtionem
1055 1353 1118 1412 vite
1134 1353 1315 1431 regularis.
1333 1351 1407 1425 Quo
1421 1355 1585 1427 comperto
1598 1349 1771 1411 Remensis

623 1452 887 1526 archiepiscopus
906 1454 1016 1527 sepius
1031 1472 1104 1512 eum
1120 1471 1179 1530 per
1193 1472 1225 1513 se
1239 1472 1359 1532 perque
1372 1453 1456 1513 alios
1472 1450 1649 1530 religiosos
1666 1452 1770 1524 viros,

625 1557 661 1611 ut
682 1570 764 1630 erga
787 1553 934 1612 ordinem
958 1571 1055 1612 suum
1072 1559 1101 1612 et
1115 1553 1180 1613 sibi
1193 1554 1339 1614 subditos
1354 1551 1567 1630 corrigendos
1582 1550 1771 1612 studiosior

624 1658 713 1724 esset,
740 1657 937 1725 ammonuit,
965 1654 1132 1732 nichilque
1153 1653 1304 1731 profecit.
1335 1653 1478 1713 ‘landem
1503 1650 1712 1726 frustratum
1738 1671 1772 1714 se

622 1751 844 1831 cognoscenst
865 1755 902 1813 de
924 1772 959 1814 eo
981 1773 1076 1833 quem
1099 1755 1296 1832 religiosum
1319 1756 1489 1827 putaverat
1509 1756 1540 1812 et
1561 1752 1596 1812 in
1617 1751 1769 1814 abbatem

620 1860 874 1924 consecraverat,
903 1856 962 1915 hoc
984 1857 1092 1930 ipsum
1116 1856 1223 1916 abbati
1244 1854 1384 1933 Majoris
1406 1852 1605 1913 Monasterii
1625 1852 1769 1932 signifi-

619 1959 715 2026 cavit,
729 1961 759 2015 et
773 1963 810 2015 ut
824 1974 897 2016 eum
914 1957 1092 2027 corriperet
1103 1963 1133 2015 et
1147 1957 1330 2015 emendaret
1344 1954 1531 2015 obsecravit.
1545 1952 1658 2014 Abbas
1674 1971 1763 2025 vero,

619 2057 752 2116 directis
767 2075 786 2114 a
801 2056 902 2116 latere
916 2075 976 2116 suo
991 2057 1160 2135 religiosis
1175 2057 1335 2133 personis,
1353 2053 1548 2115 multociens
1560 2071 1635 2114 eum
1652 2053 1763 2116 incre-
1795 2071 1825 2107 ¹0

618 2158 717 2234 pavit,
744 2162 774 2217 et
799 2176 839 2217 ne
863 2161 929 2215 tam
956 2158 1164 2235 negligenter
1187 2158 1295 2217 vivens
1319 2155 1484 2216 ecclesiam
1513 2155 1599 2215 unde
1626 2164 1765 2217 venerat

617 2257 838 2319 dehonestaret
852 2260 1021 2323 attentius,
1038 2259 1235 2323 ammonuit.
1251 2263 1280 2318 et
1295 2258 1362 2316 nisi
1375 2275 1408 2317 se
1421 2255 1615 2325 emendaret,
1632 2262 1672 2316 ut
1688 2257 1763 2318 ino·

617 2357 792 2418 bedientem
811 2364 840 2418 et
853 2359 1070 2436 professionis
1090 2378 1148 2419 sue
1169 2366 1456 2437 transgressorem,
1476 2376 1509 2417 se
1529 2359 1759 2418 excommuni-

614 2465 767 2520 caturum
794 2460 975 2520 intentavit.
1005 2460 1096 2532 Quid
1122 2460 1251 2520 multa?
1276 2460 1337 2520 Die
1361 2459 1537 2519 constituta
1562 2475 1596 2518 se
1616 2459 1662 2518 ad
1682 2477 1759 2520 eum

613 2559 742 2619 iturum
761 2565 791 2619 et
810 2561 896 2619 velut
915 2561 1005 2635 patri
1017 2579 1079 2620 suo
1093 2560 1304 2620 obediturum
1327 2559 1491 2634 promisit.
1514 2558 1578 2618 Set
1599 2560 1758 2620 consilia·
1789 2578 1810 2628 15

613 2661 676 2717 riis
700 2661 771 2718 suis
796 2661 908 2733 pravis
936 2660 1063 2720 locutus
1089 2662 1137 2720 ire
1161 2661 1360 2733 contempsit.
1387 2658 1497 2719 Abbas
1522 2662 1643 2729 autem,
1671 2660 1760 2721 sicut

612 2761 759 2819 minatus
775 2760 903 2837 fuerat,
929 2779 1002 2819 eum
1028 2761 1245 2820 consentiente
1270 2761 1419 2836 episcopo
1446 2760 1756 2822 excommunicavit.

611 2861 686 2936 lpso
708 2878 783 2920 vero
806 2861 1011 2925 reclamante.
1028 2866 1057 2921 et
1079 2863 1297 2922 anathematis
1317 2860 1388 2940 ejus
1409 2860 1543 2921 vinculo
1563 2878 1597 2921 se
1617 2862 1758 2923 minime

612 2965 715 3023 teneri
739 2963 871 3032 dicente,
894 2964 990 3040 quasi
1016 2963 1057 3022 ab
1081 2961 1153 3041 ejus
1177 2964 1357 3023 obedientia
1382 2967 1413 3022 et
1433 2960 1638 3037 professione
1660 2962 1741 3023 abso

611 3064 713 3137 lutus,
733 3070 762 3123 et
780 3064 933 3123 Remensi
955 3065 1093 3135 ecclesie,
1124 3071 1158 3126 ut
1182 3064 1249 3125 sibi
1272 3065 1452 3135 videbatur,
1479 3062 1564 3124 liber
1588 3064 1754 3137 redditus,
1783 3079 1814 3116 ²0

608 3165 784 3226 constituta
802 3169 847 3224 est
866 3164 935 3224 dies
950 3165 1257 3243 coarchiepiscopo,
1274 3183 1340 3243 qua
1351 3163 1481 3244 judicio
1496 3164 1755 3242 ‘episcoporum

607 3270 637 3325 et
659 3265 812 3325 ahbatum
835 3266 878 3325 tis
900 3265 958 3324 illa
980 3268 1228 3327 terminaretur.
1256 3264 1388 3341 Prefixa
1410 3270 1520 3325 autem
1545 3264 1609 3339 die,
1635 3283 1755 3327 conve-

608 3366 774 3426 nientibus
805 3367 961 3443 episcopis
993 3372 1022 3426 el
1051 3366 1225 3427 abbatibus
1259 3367 1437 3445 multisque
1469 3365 1547 3426 aliis
1578 3364 1754 3445 religiosis

605 3470 764 3544 personis,
796 3469 868 3540 ipso
896 3486 1023 3546 quoque
1050 3468 1165 3527 abbate
1190 3466 1333 3546 Majoris
1358 3462 1557 3529 Monasterii
1579 3471 1609 3527 et
1636 3468 1754 3544 priore

607 3568 821 3630 Cluniacensi
832 3568 852 3637 ¹,
869 3569 1027 3628 discussis
1048 3569 1218 3647 utrimque
1239 3569 1427 3629 rationibus
1447 3573 1478 3628 et
1497 3565 1748 3646 objectionibus,
1779 3579 1809 3631 25

603 3688 678 3729 cum
690 3671 828 3747 probari
839 3688 904 3730 non
919 3676 1033 3745 posset,
1047 3672 1135 3749 quod
1149 3671 1317 3745 predictus
1332 3670 1510 3731 monachus
1522 3668 1541 3707 ὅ
1551 3668 1718 3733 Robertus
1729 3692 1750 3733 a

601 3772 709 3847 prime
730 3771 947 3849 professionis
966 3790 1024 3832 sue
1045 3771 1178 3831 vinculo
1198 3790 1257 3849 per
1277 3772 1422 3833 abbatem
1443 3789 1543 3832 suum
1565 3773 1750 3849 presentia-

602 3872 679 3932 liter
699 3872 749 3931 vet
770 3891 828 3949 per
850 3871 976 3932 litteras
997 3870 1068 3952 ejus
1090 3872 1242 3951 signatas
1263 3878 1342 3933 esset
1362 3872 1544 3944 absolutus,
1567 3873 1638 3934 acsi
1662 3873 1750 3938 tiber

633 4082 659 4118 a.
679 4063 809 4118 rimisius
820 4068 857 4117 A.
871 4097 903 4105 -
920 4067 943 4124 b.
961 4068 1042 4119 Dans
1053 4069 1090 4130 A,
1105 4069 1128 4119 le
1139 4071 1234 4135 copisti
1244 4071 1321 4133 apris
1333 4085 1505 4138 cognoscens
1515 4070 1591 4121 avait
1599 4072 1689 4137 rtpttt
1698 4087 1744 4134 se;

599 4151 623 4201 tl
631 4151 667 4202 l'a
678 4156 769 4220 effari.
783 4183 816 4191 -
833 4171 855 4205 c.
876 4154 956 4204 Dans
968 4155 1005 4216 Α,
1018 4172 1050 4204 on
1063 4154 1096 4205 let
1110 4156 1277 4222 juditiorum
1295 4159 1398 4220 corrigi
1412 4174 1444 4205 en
1460 4156 1573 4222 juditio.
1586 4186 1620 4196 —
1636 4158 1664 4210 d.
1684 4174 1746 4212 mo·
1773 4161 1807 4214 30

597 4254 683 4290 naeus
696 4241 734 4293 A.

597 4407 892 4422 —

633 4548 639 4574 ¹
663 4542 847 4617 t'temtqcensis
868 4547 953 4611 prior,
980 4562 1017 4597 ou
1041 4546 1105 4613 plus
1128 4556 1304 4599 exactement
1329 4549 1417 4611 major
1442 4546 1629 4598 cluniacensis
1649 4549 1742 4617 prior.

596 4629 679 4678 (lette
691 4632 792 4692 charge
805 4633 956 4694 eminente,
972 4634 1020 4700 qui
1032 4634 1178 4685 attribuait
1191 4638 1205 4684 ἱι
1218 4650 1269 4686 son
1281 4635 1432 4686 detenteur
1448 4634 1475 4685 le
1491 4648 1540 4700 pas
1555 4647 1605 4684 sur
1620 4641 1688 4687 tous
1699 4633 1744 4688 les

595 4716 705 4781 prieurs
721 4717 756 4766 de
774 4717 876 4769 l’ordre
893 4720 928 4770 de
944 4721 1038 4789 (Iluny
1055 4729 1083 4771 et
1099 4722 1146 4787 qui
1165 4721 1204 4772 lui
1221 4721 1336 4772 donnait
1350 4736 1417 4787 rang
1428 4718 1527 4771 d'abbe'
1538 4720 1554 4769 b
1566 4717 1631 4770 leur
1641 4719 1740 4788 egued,

594 4804 768 4867 appartenait
787 4820 821 4853 en
844 4810 938 4870 10971‘1
958 4806 1032 4857 Yses
1051 4824 1088 4858 ou
1106 4810 1121 4856 is
1142 4807 1244 4861 Henri:
1266 4824 1331 4874 voy.
1353 4805 1443 4856 Gallia
1457 4805 1625 4862 Christiana,
1647 4814 1669 4857 t.
1687 4805 1739 4872 lv,
1767 4812 1799 4864 35

593 4887 649 4944 col.
665 4888 737 4940 1166.
