4450 6125
881 877 1035 958 Sancti
1066 878 1275 960 Huberti.
1579 879 1660 961 223

518 1190 588 1234 non
608 1171 788 1232 videbatur
809 1171 906 1251 prius
926 1172 1090 1254 legitima.
1115 1172 1260 1253 Scripsit
1286 1184 1404 1235 autem
1429 1173 1477 1234 illi
1504 1174 1538 1234 in
1566 1178 1658 1237 hunc

517 1272 661 1334 modum
677 1289 697 1332 a
713 1271 839 1331 Leodio
856 1288 862 1331 :

559 1373 731 1435 Otbertus‘⁸
742 1372 804 1431 Dei
816 1373 931 1450 gratia
943 1372 1175 1433 Leodiensium
1191 1377 1360 1451 episcopus
1371 1371 1479 1450 fratri
1491 1374 1655 1449 Wi'redot,

516 1474 628 1558 abbati
644 1474 682 1533 de
693 1472 814 1533 Sancto
827 1472 984 1544 Huberto,
1001 1474 1150 1551 gratiam
1167 1491 1263 1533 suam
1278 1479 1308 1532 et
1322 1491 1431 1534 veram
1451 1475 1655 1536 ditectionem

472 1599 485 1649 ς
517 1576 553 1635 in
570 1573 713 1635 Christo.
731 1573 777 1633 De
796 1575 999 1647 promotione
1022 1579 1078 1633 tua
1099 1574 1244 1652 qualiter
1260 1576 1412 1635 canonice
1430 1582 1461 1635 et
1477 1579 1655 1638 secundum

482 1666 488 1689 ³
515 1675 669 1754 reguiam
701 1675 807 1734 sancti
839 1672 1008 1734 Benedicti
1033 1674 1141 1750 fuerit
1169 1674 1268 1750 sacta,
1299 1677 1471 1753 quomodo,
1503 1677 1652 1755 inquam,

514 1778 659 1836 bumana
673 1778 789 1854 gratia
804 1780 833 1834 et
847 1779 976 1835 terrena
992 1777 1206 1835 commoditas
1219 1780 1249 1835 et
1263 1781 1367 1835 cetera
1382 1775 1504 1852 quibus
1520 1778 1656 1856 indigni

512 1875 659 1936 homines
682 1876 820 1954 indigne
833 1876 876 1934 ad
891 1875 1030 1935 honores
1051 1876 1155 1935 solent
1172 1876 1308 1952 provehi
1325 1875 1444 1953 procul
1464 1876 1616 1952 fuerint⁶
1632 1899 1652 1939 a

512 1976 613 2048 nobis,
639 1980 747 2052 utpote
768 1976 827 2054 qui
849 1981 915 2034 tam
937 1975 1102 2036 carnalem
1124 1994 1224 2054 quam
1248 1977 1458 2053 spiritualem
1481 1980 1532 2038 rei
1552 1985 1653 2040 vestre

454 2103 485 2138 10
512 2077 640 2154 publice
654 2077 894 2151 reparationem
913 2095 971 2150 per
987 2094 1042 2137 vos
1056 2077 1321 2138 desiderabamus
1328 2077 1420 2154 fieri,
1439 2080 1526 2140 nulli
1540 2083 1651 2143 notius

510 2184 554 2239 est
576 2197 675 2257 quam
698 2178 804 2252 uobis;
825 2183 854 2238 et
875 2178 1022 2238 eumdem
1045 2184 1127 2238 recte
1150 2179 1343 2239 intentionis
1368 2181 1500 2239 oculum
1526 2199 1651 2258 semper

508 2298 644 2356 purum,
660 2296 788 2355 semper
801 2283 950 2352 apertum
967 2296 1049 2357 erga
1065 2297 1121 2338 uos
1136 2278 1256 2338 babere
1269 2278 1388 2352 votens,
1406 2281 1493 2357 quod
1509 2281 1542 2339 in
1557 2283 1648 2342 vobis

509 2381 584 2440 bene
608 2386 733 2454 ceptum
759 2380 828 2456 suit
854 2381 972 2439 metius
997 2378 1151 2457 perficere
1178 2380 1278 2450 votui,
1303 2385 1333 2440 et
1355 2382 1398 2439 ad
1418 2381 1647 2445 benedictionis

506 2483 653 2560 gratiam
677 2485 711 2540 in
733 2480 889 2556 proximo
911 2498 966 2540 vos
987 2481 1173 2556 perducere,
1191 2480 1258 2539 Deo
1273 2479 1467 2555 opitulante,
1483 2481 1644 2553 disposui.

450 2607 478 2657 15
513 2582 574 2643 Vos
588 2588 696 2642 autem
714 2581 773 2642 illo
783 2586 924 2655 tempore
940 2582 1157 2657 imparatum,
1169 2597 1225 2640 vos
1240 2580 1276 2638 in
1290 2579 1489 2657 quibusdam
1505 2584 1645 2660 negotiis

506 2684 759 2744 lacrimabiliter
772 2684 905 2742 dixistis
920 2682 1119 2761 obligatum,
1136 2689 1167 2740 et
1185 2681 1325 2741 consitio
1343 2687 1373 2741 et
1393 2682 1526 2743 auxilio
1547 2683 1644 2743 bono·

504 2803 590 2858 rum,
609 2785 761 2862 precipue
782 2789 890 2843 autem
912 2784 1086 2843 concordia
1106 2788 1136 2843 et
1156 2782 1375 2841 unanimitate
1402 2783 1552 2860 fratrum
1577 2803 1641 2845 ves·

503 2890 644 2957 trorum,
681 2886 724 2943 ad
759 2889 824 2944 tam
858 2883 1030 2944 sublimem
1062 2885 1210 2962 gratiam
1242 2901 1307 2943 esse
1341 2884 1598 2959 proveniendum
1615 2884 1640 2956 d,

501 2987 649 3066 diemque
668 2985 767 3062 liujus
787 2986 857 3044 rei‘
879 2982 1071 3062 perficiende
1091 2985 1236 3064 elegistis
1254 2989 1284 3043 et
1304 2985 1440 3060 petistis,
1461 2990 1490 3043 et
1514 2986 1548 3044 in
1569 2986 1639 3062 ipsa
1691 3005 1763 3056 1097,

442 3111 474 3149 κο
501 3090 606 3148 sancti
616 3089 749 3147 Andree
756 3088 947 3163 festivitate,
963 3105 1012 3144 me
1024 3092 1196 3158 annuente,
1211 3088 1387 3146 statuistis.
1400 3086 1461 3146 Sed
1473 3088 1551 3165 quia
1564 3093 1641 3148 tunc
1673 3072 1704 3119 30
1715 3074 1781 3112 nov.

501 3189 615 3249 Leodii
629 3207 695 3249 non
706 3188 848 3263 fuimus,
866 3188 985 3265 quippe
1000 3187 1123 3247 honori
1137 3192 1167 3246 et
1177 3188 1287 3265 gratie
1298 3188 1411 3246 domni
1423 3188 1487 3246 mei
1499 3188 1638 3265 impera·

497 3290 578 3349 toris
589 3289 851 3361 deservivimus¹‚
863 3286 1028 3349 vosstunc
1039 3287 1199 3347 Leodium
1216 3305 1280 3346 non
1295 3288 1418 3347 uenisse
1431 3306 1636 3366 nequaquam

496 3390 698 3469 negligentie
713 3392 928 3466 imputamus.
946 3389 1047 3449 Nunc
1061 3393 1171 3447 autem
1186 3388 1392 3465 precipiendo
1408 3388 1497 3448 vobis
1512 3389 1637 3449 denun-

497 3492 628 3561 tiamus,
666 3497 696 3550 et
726 3510 785 3567 per
816 3509 924 3549 veram
958 3490 1207 3550 obedientiam!
1237 3507 1292 3549 uos
1328 3508 1562 3558 ammonemus,
1602 3497 1636 3550 ut

439 3616 468 3667 ²5
495 3594 627 3653 remotis
648 3591 802 3653 omnibus
824 3592 1075 3670 impedimentis,
1097 3592 1221 3651 decimo
1243 3591 1398 3649 liniendas
1421 3591 1633 3664 Februarias,

496 3694 611 3754 Leodii
626 3695 698 3753 sitis
713 3695 748 3752 in
771 3694 928 3765 crastino,
946 3693 1005 3752 hoc
1025 3697 1071 3751 est
1093 3693 1129 3751 in
1150 3692 1296 3769 sequenti
1309 3692 1361 3749 die
1376 3691 1541 3751 dominica
1554 3693 1575 3765 ²,
1593 3694 1635 3751 ad
1661 3691 1770 3820 2413)ξὲζῖ

526 3866 551 3901 n.
571 3847 606 3900 Ο.
627 3850 663 3899 Α.
676 3878 708 3885 -
727 3848 749 3899 b.
770 3847 815 3901 W.
835 3853 872 3900 A.
892 3878 924 3885 -
941 3865 964 3897 c.
985 3847 1099 3898 suerunt
1116 3848 1154 3899 A.
1174 3877 1205 3883 -
1223 3847 1249 3898 d.
1268 3846 1348 3896 Derris
1366 3847 1402 3901 A.
1424 3845 1448 3896 le
1464 3847 1547 3897 scribe
1563 3851 1636 3900 avait

492 3934 598 3985 d'abord
612 3937 678 3984 terit
692 3935 917 4000 provehendum,
930 3936 1032 4001 corrigi
1047 3936 1149 3984 ensuite
1165 3950 1196 3982 en
1213 3934 1449 4001 proveniendum.
1463 3962 1495 3971 —
1512 3952 1534 3987 e.
1553 3935 1635 3985 Dans

492 4023 529 4078 A,
551 4030 623 4071 entre
640 4021 725 4088 hujus
743 4029 768 4070 et
786 4022 835 4083 rei,
855 4038 887 4071 on
905 4021 938 4071 lit
955 4026 1092 4071 au-dessus
1110 4021 1140 4069 de
1158 4020 1184 4069 la
1203 4019 1274 4085 ligne
1286 4036 1300 4070 c
1312 4037 1345 4070 ou
1358 4036 1383 4071 e.
1397 4049 1429 4058 -
1439 4020 1467 4086 s.
1486 4036 1539 4072 nos
1551 4022 1588 4072 Α.
1601 4051 1634 4059 -

432 4121 466 4171 30
489 4124 517 4174 g.
535 4108 688 4160 obeditiam
701 4107 737 4157 Α.

523 4335 591 4386 ¹Le
617 4344 652 4386 ιω
674 4336 824 4387 decembre
850 4349 912 4399 1097
936 4344 985 4386 eut
1008 4334 1065 4385 lieu
1088 4349 1124 4384 en
1148 4333 1214 4384 etl'et
1234 4336 1249 4383 a
1271 4333 1408 4401 Mayence
1432 4350 1488 4385 une
1512 4334 1630 4385 reunion

485 4422 643 4487 imperiale,
663 4422 780 4488 appelle
799 4437 849 4487 par
870 4422 910 4472 les
931 4437 1045 4472 sources
1065 4427 1217 4475 conuentus,
1239 4420 1417 4487 colloquium·
1435 4421 1501 4472 c'est
1521 4423 1537 4470 tr
1557 4428 1631 4471 cette

485 4509 607 4560 rbunion
623 4510 774 4576 qu’Otbert
787 4509 835 4559 tait
853 4510 888 4559 ici
903 4509 1035 4568 allusion,
1048 4508 1118 4559 ainsi
1136 4523 1191 4574 que
1204 4506 1230 4557 le
1243 4510 1479 4573 rapprochement
1491 4506 1540 4557 des
1552 4506 1630 4556 dates

485 4595 514 4645 le
527 4594 574 4645 tait
587 4596 773 4661 conjecturor.
788 4596 859 4662 Voy.
873 4595 982 4645 Manen
995 4608 1052 4646 von
1067 4594 1207 4655 Knonna,
1220 4610 1295 4645 ouen.
1309 4596 1367 4650 citt,
1383 4602 1404 4645 t.
1419 4593 1453 4656 V,
1466 4609 1494 4659 p.
1508 4608 1533 4653 4.

431 4700 454 4749 ις
523 4690 532 4716 ²
551 4681 616 4733 Ceci
628 4682 783 4749 s’applique
795 4682 992 4748 parlaitcment
1004 4686 1019 4731 ἐι
1032 4682 1141 4732 l’annbe
1157 4683 1279 4746 1098,0i1
1298 4680 1324 4731 le
1341 4681 1490 4731 neuvibmc
1505 4679 1570 4746 jour
1581 4679 1629 4729 des
1704 4708 1707 4712 ·

485 4769 616 4821 calendes
636 4771 671 4821 de
692 4769 804 4831 lbvrier,
825 4768 992 4819 c'cst-ir-dire
1016 4768 1042 4818 lc
1064 4782 1094 4827 ²4
1115 4768 1233 4833 janvier,
1255 4776 1299 4817 est
1322 4781 1359 4816 un
1383 4767 1541 4826 dimanche,
1564 4764 1628 4829 jour

483 4857 598 4908 reservb
616 4872 666 4923 par
683 4858 709 4907 la
727 4857 841 4924 liturgia
859 4870 933 4922 pour
945 4855 985 4905 les
998 4854 1220 4930 consecrations,
1231 4854 1301 4904 ainsi
1315 4868 1371 4919 que
1383 4867 1455 4903 nous
1468 4851 1574 4902 l’avons
1588 4865 1625 4899 vu

483 4941 630 5003 cidessus,
644 4959 672 5009 p.
691 4944 745 5005 128,
759 4959 787 4993 n.
805 4958 826 4992 1.
