4450 6125
609 830 684 912 118
814 834 1126 916 Cantatorium
1156 840 1248 916 sine
1284 835 1534 915 Chronicott

600 1130 630 1190 st'
644 1132 793 1194 nutritus
809 1134 916 1194 tobore
930 1139 1035 1195 vestro
1049 1135 1193 1195 convertit
1209 1135 1344 1194 idoneus
1359 1133 1462 1193 inesse
1476 1133 1616 1209 apostoli
1631 1131 1750 1193 Fran·

599 1249 714 1292 corum
729 1234 1035 1308 archimonasterio,
1049 1252 1124 1295 cum
1136 1235 1333 1312 sapientium
1346 1232 1476 1312 judicio
1492 1234 1572 1294 utile
1586 1233 1751 1312 postponi

600 1331 711 1393 debeat
733 1335 874 1395 honesto.
898 1334 983 1396 Vota.
1003 1336 1099 1398 Tunc
1120 1335 1262 1398 demum
1277 1337 1392 1410 abbas,
1410 1353 1491 1397 cum
1514 1333 1751 1396 lambertum

601 1432 648 1493 sic
676 1433 741 1495 sibi
770 1435 806 1495 in
835 1437 997 1498 omnibus
1028 1436 1166 1497 obedire
1200 1447 1360 1514 paratum
1394 1436 1630 1515 perpenderet,
1664 1441 1752 1497 tum

601 1533 706 1594 etiam
723 1552 764 1596 ne
779 1536 956 1598 ecclesiam
972 1547 1066 1598 tante
1081 1535 1260 1617 dignitatis
1276 1555 1345 1597 non
1359 1545 1520 1598 exoratus
1540 1534 1749 1609 offenderet,
1800 1568 1815 1621 5

600 1632 703 1694 illum
723 1653 803 1696 cum
825 1638 935 1716 gratia
956 1654 1016 1698 sua
1040 1637 1171 1698 remisit
1189 1637 1230 1698 ad
1253 1635 1420 1698 Sanctum
1441 1634 1652 1717 Remigium,
1668 1635 1751 1715 ipse

601 1752 739 1814 quoquc
754 1737 795 1798 ad
812 1756 917 1801 suum
933 1755 1089 1799 reversus
1104 1748 1155 1800 est
1171 1737 1429 1801 monasterium.

641 1920 702 1979 48.
715 1919 791 2009 (⁶²2)
806 1915 974 1977 ilenricus
988 1916 1167 1996 episcopus
1183 1917 1423 1979 imminentem
1437 1916 1604 1980 Dominici
1621 1917 1752 1980 natalis

494 2087 499 2091 ,
601 2015 893 2095 sollempnitatem
910 2018 1000 2095 apud
1016 2019 1181 2079 Sanctum
1195 2018 1390 2080 Hubertum
1404 2017 1587 2081 celebravit
1599 2018 1622 2092 ¹,
1636 2016 1697 2080 ubi
1714 2027 1752 2080 et

602 2119 637 2177 in
654 2118 809 2197 sequenti
825 2118 1087 2198 quadragesima
1103 2120 1283 2181 ordinibus
1298 2120 1423 2181 exactis
1441 2120 1606 2181 Leodium
1627 2119 1749 2183 rediit.
1785 2149 1819 2187 ro

602 2218 715 2279 Abbas
730 2236 811 2280 vero
827 2219 957 2290 iamdiu
973 2237 1159 2299 suspensus
1173 2221 1216 2281 de
1232 2221 1468 2300 promissione,
1481 2239 1549 2302 qua
1561 2220 1752 2300 episcopus

602 2318 832 2397 dejiciendum
847 2332 862 2356 ‘¹
876 2333 1028 2381 castrum
1044 2320 1241 2382 condixerat
1257 2321 1318 2398 illi,
1338 2329 1374 2384 ut
1390 2323 1459 2400 jam
1480 2322 1621 2383 tandem
1643 2339 1752 2401 expe·

602 2419 732 2481 riretur
746 2428 910 2481 eventum
926 2419 986 2494 rei,
1004 2438 1185 2501 aggressus
1200 2432 1251 2483 est
1265 2421 1365 2483 illum
1384 2421 1551 2483 leodium
1570 2422 1752 2503 prosequi.

604 2520 640 2581 ln
666 2530 788 2602 quarta
815 2530 934 2582 autem
955 2518 1039 2582 feria
1059 2522 1202 2600 pascalis
1223 2522 1424 2595 ebdomade,
1449 2524 1531 2583 hora
1552 2518 1622 2583 sere
1645 2522 1753 2584 tertia

602 2620 741 2681 veniens
763 2620 933 2682 Tieletum
949 2621 971 2691 ²,
992 2621 1128 2683 audivit
1147 2640 1166 2683 a
1186 2621 1257 2683 suis
1272 2621 1390 2684 Serani
1407 2612 1418 2648 ³
1438 2639 1509 2683 esse
1530 2620 1751 2701 episcopum,
1787 2654 1818 2705 15

602 2739 807 2802 ascensaque
827 2723 906 2783 navi
927 2723 1020 2784 venit
1036 2723 1077 2784 ad
1094 2741 1187 2785 eum.
1206 2724 1393 2804 Episcopus
1413 2724 1454 2785 ad
1478 2722 1621 2802 podium
1641 2740 1753 2785 suum

601 2822 789 2885 consistens
806 2826 847 2884 de
862 2823 962 2904 longe
978 2825 1177 2905 recognovit
1192 2825 1402 2898 venientem,
1420 2825 1476 2887 cui
1491 2842 1572 2886 cum
1587 2823 1658 2902 jam
1674 2823 1755 2905 ripe

602 2924 776 2986 adlabenti
797 2925 908 3005 gratia
930 2923 1148 2986 salutationis
1163 2924 1387 2987 inclamaret:
1409 2926 1564 2989 Surrexit
1579 2925 1753 2988 Dominus

600 3044 674 3087 vere
688 3026 711 3101 ⁴,
728 3026 833 3088 abbas
848 3025 877 3086 ei
894 3026 1068 3105 respondit
1087 3039 1093 3085 :
1112 3026 1157 3087 Et
1172 3032 1329 3104 apparent
1344 3027 1488 3088 Henrico
1503 3026 1617 3088 hodie!
1633 3025 1753 3103 Quem

601 3126 780 3205 episcopus
804 3127 948 3206 benigne
971 3137 1152 3206 exceptum
1176 3127 1369 3188 introduxit
1386 3128 1423 3188 in
1443 3127 1622 3207 capellam,
1638 3146 1752 3211 quam
1785 3159 1823 3196 ιο

601 3230 684 3292 satis
699 3227 873 3309 eleganter
888 3228 960 3307 ipse
976 3228 1022 3289 ibi
1039 3228 1250 3302 condiderat,
1269 3228 1444 3290 neminem
1460 3238 1576 3308 preter
1590 3229 1753 3292 Theode-

602 3330 716 3389 ricum
741 3328 956 3409 prepositum
979 3328 1166 3390 admittens
1187 3328 1222 3388 in
1245 3346 1358 3391 causa.
1383 3329 1423 3390 Et
1443 3328 1563 3390 sedens
1578 3329 1754 3410 aliquam·

602 3429 674 3503 diu,
701 3447 782 3491 cum
808 3429 946 3490 vultum
972 3437 1006 3490 et
1031 3447 1152 3491 vocem
1179 3430 1432 3509 suppressisset,
1457 3430 1574 3492 oculos
1596 3431 1755 3496 lacrimis

600 3529 748 3593 suffusos
763 3531 909 3592 elevavit
923 3532 964 3592 ad
981 3531 1105 3605 celum,
1123 3542 1156 3593 et
1170 3549 1354 3593 conversus
1369 3533 1410 3593 ad
1427 3534 1586 3594 abbatem
1597 3534 1699 3615 quasi
1712 3536 1751 3598 in

600 3633 722 3715 agonia
748 3633 975 3696 constitutum
1001 3655 1007 3694 :
1034 3632 1122 3707 Scio,
1149 3633 1274 3714 inquit,
1301 3634 1382 3712 quid
1406 3651 1543 3712 queres,
1569 3633 1752 3696 karissime
1783 3667 1818 3720 ²5

601 3741 711 3813 prtem·
736 3736 801 3797 scio
826 3736 908 3814 quid
932 3736 1113 3809 desideras,
1137 3736 1255 3814 quidve
1281 3736 1508 3812 inposterum
1533 3737 1678 3796 terentis
1704 3755 1752 3800 ex

604 3836 744 3907 matitia,
768 3854 867 3914 quam
891 3837 978 3896 vides
999 3837 1161 3911 presentis
1182 3838 1354 3911 temporis;
1377 3834 1473 3915 cujus
1496 3854 1535 3897 ne
1557 3835 1645 3897 mihi
1656 3840 1753 3916 apud

604 3933 726 4006 Deum,
756 3940 791 3993 ut
817 3934 1005 3994 multotiens
1031 3936 1189 4007 minaris,
1217 3937 1400 4013 imputetur
1425 3937 1562 4009 occasio,
1585 3941 1752 4011 castrum,

604 4036 692 4115 quod
716 4034 933 4110 dejiciendum
957 4034 969 4073 b
991 4032 1136 4114 affectas,
1160 4043 1213 4097 tue
1238 4038 1332 4098 hodie
1357 4038 1521 4099 voluntati
1543 4043 1574 4099 et
1594 4043 1756 4113 potestati

637 4214 662 4249 a.
676 4196 854 4248 deiciendum
868 4197 904 4249 A.
919 4226 949 4234 -
963 4196 984 4245 ll.
999 4195 1177 4248 deiciendum
1190 4197 1227 4247 xl.
1786 4225 1824 4276 30

642 4484 648 4510 ¹
669 4476 762 4526 L'acte
779 4475 813 4525 de
830 4476 965 4526 donation
978 4490 1028 4540 par
1043 4472 1133 4523 Henri
1146 4473 1181 4524 de
1194 4473 1319 4534 Verdun‚
1332 4489 1368 4524 en
1384 4475 1456 4536 1082,
1468 4474 1505 4526 de
1521 4474 1617 4528 l'alleu
1630 4475 1668 4530 de
1682 4475 1758 4533 an

607 4566 622 4613 ἰι
635 4562 761 4627 l'abbaye
773 4561 807 4610 de
821 4560 1025 4611 Saint-Hubert
1044 4559 1171 4611 contient
1189 4575 1235 4611 ces
1248 4568 1321 4610 mots
1336 4577 1342 4611 :
1356 4576 1417 4610 cum
1429 4562 1537 4629 egissem
1549 4559 1645 4615 iit'dem
1658 4563 1759 4621 silem.

608 4653 716 4700 nitatem
732 4649 871 4699 Demetrio
883 4647 990 4697 natulis.
1005 4647 1077 4714 Voy.
1091 4646 1117 4697 G
1144 4646 1261 4707 Kt'tttrt,
1274 4663 1350 4698 ouvr.
1362 4649 1420 4709 citt,
1435 4657 1455 4698 t.
1471 4647 1492 4703 Ι.
1507 4663 1555 4714 pp.
1569 4661 1600 4715 57
1613 4659 1643 4701 et
1656 4663 1702 4717 70.
1775 4713 1780 4722 Ι

641 4746 650 4771 ¹
669 4735 780 4786 Tillcur
792 4734 919 4802 (llige).

640 4830 651 4869 3
669 4823 785 4888 Serning
798 4821 910 4885 (Liige,
925 4821 1019 4887 Liege,
1034 4820 1166 4871 chel-lieu
1179 4821 1214 4871 de
1225 4823 1353 4887 canton).

639 4919 651 4955 ⁴
670 4910 784 4962 Paroles
797 4909 832 4961 de
845 4908 945 4960 l'office
957 4908 1058 4975 pascal.
