4450 6125
439 1145 510 1210 1076.

410 1776 441 1811 20
454 1777 535 1814 mass.

560 863 612 947 92
767 834 1080 916 Caniniorium
1109 836 1202 913 sive
1237 832 1487 915 Chronieon

680 1020 745 1024 ---
754 1017 1224 1025 ..-——-.——..——...
1231 1019 1243 1021 ..
1253 1018 1267 1022 ..

556 1133 685 1197 auxilio
698 1147 725 1211 ⁶,
741 1132 895 1214 ejusdem
918 1132 1064 1214 episcopi
1085 1132 1248 1195 tuebatur
1271 1130 1475 1213 patrocini03
1496 1150 1604 1213 quem
1622 1150 1705 1197 cum

558 1236 673 1317 sepius
695 1243 856 1316 argueret
874 1233 915 1296 de
937 1233 1063 1296 allodio
1084 1234 1199 1297 Telins
1212 1234 1233 1309 ¹,
1250 1233 1341 1314 quod
1363 1232 1619 1297 Bulloniensis'
1633 1234 1705 1298 vio·

558 1337 662 1399 lentia
677 1336 809 1416 jamdiu
825 1336 1035 1398 subduxerat
1049 1334 1198 1411 ecclesie,
1216 1334 1331 1398 dicens
1345 1334 1449 1397 etiam
1464 1353 1499 1398 se
1515 1336 1639 1401 timere
1653 1338 1702 1401 illi

558 1436 746 1500 vindictam
774 1438 879 1513 hujus
904 1437 1082 1514 injustitie,
1106 1437 1311 1501 Godeiridus
1335 1435 1477 1499 consilio
1500 1446 1534 1499 et
1560 1439 1702 1502 hortatu

557 1539 767 1619 optimatum
783 1557 925 1601 suorum
942 1540 1101 1620 episcopo
1112 1540 1224 1615 cessit,
1237 1548 1271 1601 et
1285 1539 1376 1620 quod
1393 1556 1498 1601 suum
1512 1552 1586 1603 erat
1603 1541 1702 1602 beato
1746 1557 1758 1607 5

560 1640 588 1701 ll
594 1641 714 1701 uberto
730 1640 922 1702 voluntarie
938 1642 1149 1723 recognovit.
1167 1640 1345 1703 Dominica
1359 1649 1476 1703 autem
1491 1659 1558 1723 que
1573 1643 1703 1705 dicitur

557 1740 591 1802 in
612 1741 739 1803 Palmis
752 1742 774 1814 ²,
792 1750 867 1820 post
881 1741 1109 1821 sollempnem
1121 1754 1133 1781 ⁶
1147 1739 1220 1821 ejus
1234 1741 1300 1804 diei
1318 1742 1568 1822 processionem
1583 1733 1607 1816 ³,
1626 1760 1704 1823 pro·

556 1843 779 1922 sequentibus
795 1841 968 1903 nobilibus
986 1842 1069 1914 suis,
1089 1852 1232 1923 uterque
1250 1843 1389 1905 accessit
1404 1842 1446 1904 ad
1468 1841 1578 1924 majus
1594 1844 1703 1906 altare

559 1944 645 2006 beati
671 1943 762 2005 Petri
786 1941 939 2020 apostoli,
964 1953 997 2004 et
1020 1942 1180 2005 baculum
1206 1959 1309 2003 suum
1334 1943 1539 2023 pastoralem
1563 1951 1703 2006 tenente

556 2046 726 2125 episcopo,
740 2044 879 2104 dextera
895 2043 969 2122 ejus
980 2042 1157 2105 dexteram
1173 2060 1272 2104 suam
1285 2039 1488 2105 Godeiridus
1501 2045 1699 2123 supposuit,
1730 2061 1760 2100 ro

557 2157 590 2208 et
616 2162 696 2206 cum
723 2161 762 2205 eo
787 2141 981 2222 predictum
1007 2141 1175 2204 allodium
1204 2160 1309 2222 super
1334 2141 1419 2205 illud
1445 2143 1609 2224 absqued
1631 2145 1703 2210 ulla

558 2243 756 2323 calumpnia
781 2243 935 2322 reposuit
956 2244 978 2302 ⁴.
1000 2241 1164 2323 lmposita
1188 2241 1293 2305 etiam
1317 2242 1381 2304 sibi
1407 2243 1589 2324 episcopus
1616 2247 1706 2310 stola

559 2344 770 2418 sacerdotali,
793 2360 834 2405 ne
855 2343 933 2424 quis
954 2343 1038 2405 illud
1061 2343 1211 2423 amplius
1236 2342 1372 2406 ecclesie
1397 2344 1616 2418 subduceret,
1637 2349 1706 2410 sub

557 2443 783 2507 obtestatione
796 2442 904 2504 divini
918 2443 1067 2503 nominis
1082 2441 1272 2515 interdixit,
1286 2451 1320 2503 et
1330 2440 1577 2523 imprecatione
1592 2447 1705 2508 eterni

557 2545 788 2609 anathematis
816 2543 1130 2607 excommunicavit
1150 2557 1172 2607 ‘.
1203 2541 1427 2605 Godelridum
1452 2561 1534 2606 vero
1561 2544 1706 2626 culpam
1737 2561 1768 2614 ις

558 2664 658 2711 suam
674 2662 887 2725 suorumque
902 2654 1157 2706 antecessorum
1174 2644 1355 2705 humiliter
1366 2641 1530 2706 fatentem
1541 2645 1706 2723 absolvit,

558 2757 602 2821 et,
620 2746 708 2808 lacto
724 2746 858 2826 publice
881 2744 1059 2825 privilegio
1082 2745 1186 2824 hujus
1208 2743 1461 2827 recognitionis,
1479 2762 1540 2808 sua
1561 2746 1648 2809 illud
1671 2761 1710 2814 et

558 2866 702 2911 suorum
728 2846 913 2928 astipulata
938 2845 1169 2927 assignatione
1194 2843 1413 2908 confirmavit
1437 2837 1460 2907 ⁵.
1485 2846 1521 2907 ln
1545 2852 1709 2930 sequenti

559 2968 639 3012 vero
660 2947 744 3011 seria
764 2948 898 3031 quinta,
919 2948 1008 3009 circa
1031 2948 1155 3009 horam
1176 2955 1309 3009 sextam
1335 2956 1453 3028 parata
1474 2948 1539 3012 sibi
1564 2951 1645 3014 sede
1667 2952 1708 3016 in

560 3050 667 3133 portis
682 3049 814 3131 templi,
827 3049 990 3112 deductos
1005 3049 1052 3112 ibi
1068 3049 1261 3131 penitentes
1275 3049 1438 3132 episcopii
1453 3069 1533 3115 cum
1548 3052 1707 3119 maxima
1738 3073 1774 3111 20

560 3152 751 3216 reverentia
778 3161 812 3214 et
841 3150 992 3214 lacrimis
1022 3152 1091 3214 Deo
1124 3151 1365 3228 reconciliavit,
1398 3161 1432 3214 et
1463 3152 1709 3218 communioni

557 3263 672 3318 sancte
703 3253 842 3317 ecclesie
870 3272 931 3333 per
960 3271 1083 3316 manus
1110 3252 1432 3317 archidiaconorum
1460 3253 1524 3317 sibi
1554 3257 1710 3319 reconsi-

590 3531 615 3564 α.
636 3514 716 3564 Dans
733 3514 771 3570 Α,
791 3513 929 3563 au-dessus
946 3513 977 3562 de
997 3511 1113 3574 auxilio,
1136 3529 1169 3561 on
1191 3511 1224 3563 lit
1245 3510 1289 3562 vel
1315 3509 1426 3564 solatio.
1451 3539 1482 3549 -
1505 3509 1529 3561 l.
1553 3509 1712 3564 bulonien-

557 3603 594 3653 sis
611 3601 648 3654 A.
668 3628 700 3639 -
718 3617 741 3653 c.
759 3600 839 3650 Dans
852 3600 890 3656 A,
906 3598 930 3649 le
942 3602 1037 3666 copisle
1048 3600 1123 3649 avait
1135 3600 1200 3649 ecrit
1212 3598 1452 3665 sollempnitatem
1460 3615 1467 3658 ς
1482 3597 1536 3648 ila
1551 3601 1659 3667 corrig!
1673 3619 1710 3653 en

557 3689 754 3756 sollempnem.
767 3718 800 3726 -
818 3689 844 3738 d.
862 3688 954 3755 abque
966 3688 1003 3740 A.
1027 3716 1060 3726 —
1076 3704 1098 3737 e.
1118 3686 1377 3739 excummunicavit
1393 3687 1431 3739 Α.
1741 3696 1774 3749 25

560 3923 854 3934 ›-————-—

593 4127 600 4154 ¹
620 4117 715 4170 Tellin
729 4116 956 4184 (Luxembourg,
970 4114 1172 4176 Neuichateau,
1187 4114 1320 4179 Wellin).

592 4215 601 4241 ²
621 4205 662 4257 Le
675 4205 824 4256 dimanche
836 4204 885 4256 des
899 4203 1053 4264 Rameaux,
1066 4219 1101 4254 en
1119 4202 1191 4267 1076,
1205 4201 1232 4254 le
1246 4216 1277 4253 20
1290 4218 1372 4253 mars.

591 4301 602 4339 ³
620 4293 703 4344 (ktte
720 4293 881 4358 processioa
901 4289 1058 4342 solennelle
1073 4289 1122 4341 fait
1138 4289 1317 4356 aujourd'hui
1333 4304 1436 4341 encore
1453 4291 1543 4357 partie
1555 4290 1590 4342 de
1602 4289 1714 4348 l’offioe

557 4380 606 4431 des
627 4380 783 4439 Rameaux;
804 4378 859 4429 ello
877 4394 892 4428 a
910 4377 966 4428 lieu
986 4378 1022 4429 de
1040 4378 1114 4428 suite
1132 4379 1214 4443 apres
1233 4375 1259 4427 la
1278 4375 1459 4428 benediction
1478 4376 1528 4427 des
1545 4375 1658 4443 palmes
1680 4394 1713 4435 et

557 4482 720 4518 commence
744 4481 794 4531 par
817 4465 841 4515 la
865 4464 1048 4515 distribution
1071 4464 1107 4514 de
1130 4478 1176 4514 ces
1200 4462 1306 4530 palmes
1329 4478 1383 4514 aux
1407 4462 1566 4515 celebranls
1592 4474 1622 4517 el
1648 4481 1713 4522 aux
1743 4482 1778 4533 30

557 4554 710 4612 assistants,
724 4552 772 4617 qui
791 4567 820 4601 se
839 4550 887 4602 lait
904 4566 938 4600 au
959 4549 1156 4602 maltro-autel.
1170 4549 1245 4601 C’est
1263 4565 1297 4601 au
1316 4557 1414 4601 retour
1431 4548 1510 4600 dela
1527 4553 1711 4618 processioa,

557 4654 613 4706 que
625 4654 655 4689 se
669 4637 746 4704 place
758 4636 784 4688 la
797 4640 880 4689 scene
891 4636 999 4687 decrite
1010 4652 1060 4703 par
1072 4646 1155 4687 notre
1169 4635 1331 4703 chronique.

590 4724 700 4776 ⁴Nous
723 4739 810 4775 avons
835 4723 984 4774 rencontre
1006 4723 1246 4774 anterieurement
1269 4721 1411 4789 plusieurs
1432 4719 1579 4787 exemplos
1598 4722 1636 4775 de
1659 4740 1712 4780 ces

558 4828 656 4880 usages
667 4810 872 4879 symboliques:
888 4827 952 4877 voy.
966 4810 1109 4871 cidessus,
1126 4827 1153 4876 p.
1167 4812 1208 4872 85,
1222 4825 1250 4860 n.
1266 4823 1289 4860 2.

592 4906 600 4940 5
619 4898 723 4948 (lharte
736 4897 879 4963 disparue;
895 4912 959 4963 voy.
973 4895 1008 4947 G.
1026 4896 1144 4956 liutem,
1157 4912 1230 4946 ouer.
1246 4897 1304 4951 citt,
1321 4905 1341 4947 t.
1356 4894 1378 4957 l,
1391 4910 1438 4962 pp.
1453 4911 1483 4956 ⁴⁴
1496 4901 1526 4944 et
1537 4894 1614 4948 suiv.
1738 4912 1771 4965 ³5
