<?xml version="1.0" encoding="UTF-8"?>
<!DOCTYPE html PUBLIC "-//W3C//DTD XHTML 1.0 Transitional//EN"
    "http://www.w3.org/TR/xhtml1/DTD/xhtml1-transitional.dtd">
<html xmlns="http://www.w3.org/1999/xhtml" xml:lang="en" lang="en">
 <head>
  <title>
</title>
<meta http-equiv="Content-Type" content="text/html;charset=utf-8" />
  <meta name='ocr-system' content='tesseract 3.04.00' />
  <meta name='ocr-capabilities' content='ocr_page ocr_carea ocr_par ocr_line ocrx_word'/>
</head>
<body>
  <div class='ocr_page' id='page_1' title='image "./lachroniquedesa00minogoog_0029.png"; bbox 0 0 4450 6125; ppageno 0'>
   <div class='ocr_carea' id='block_1_1' title="bbox 941 853 1677 937">
    <p class='ocr_par' dir='ltr' id='par_1_1' title="bbox 941 853 1677 937">
     <span class='ocr_line' id='line_1_1' title="bbox 941 853 1677 937; baseline 0.003 -2"><span class='ocrx_word' id='word_1_1' title='bbox 941 853 1256 935; x_wconf 74' lang='lat' dir='ltr'><em>Introduction</em></span> <span class='ocrx_word' id='word_1_2' title='bbox 1604 883 1677 937; x_wconf 77' lang='lat' dir='ltr'><strong>xxi</strong></span> 
     </span>
    </p>
   </div>
   <div class='ocr_carea' id='block_1_2' title="bbox 530 1144 1680 4569">
    <p class='ocr_par' dir='ltr' id='par_1_2' title="bbox 536 1144 1680 2218">
     <span class='ocr_line' id='line_1_2' title="bbox 538 1144 1677 1247; baseline 0.004 -33"><span class='ocrx_word' id='word_1_3' title='bbox 538 1144 638 1241; x_wconf 70' lang='lat' dir='ltr'><strong>piice</strong></span> <span class='ocrx_word' id='word_1_4' title='bbox 662 1144 709 1217; x_wconf 91' lang='lat' dir='ltr'><strong>de</strong></span> <span class='ocrx_word' id='word_1_5' title='bbox 732 1144 767 1217; x_wconf 87' lang='lat' dir='ltr'><strong>la</strong></span> <span class='ocrx_word' id='word_1_6' title='bbox 795 1145 1002 1245; x_wconf 75' lang='lat' dir='ltr'><strong>procedure</strong></span> <span class='ocrx_word' id='word_1_7' title='bbox 1024 1146 1159 1223; x_wconf 72' lang='lat' dir='ltr'><strong>definit</strong></span> <span class='ocrx_word' id='word_1_8' title='bbox 1184 1165 1277 1220; x_wconf 83' lang='lat' dir='ltr'><strong>cette</strong></span> <span class='ocrx_word' id='word_1_9' title='bbox 1308 1147 1559 1247; x_wconf 81' lang='lat' dir='ltr'><strong>Chronique:</strong></span> <span class='ocrx_word' id='word_1_10' title='bbox 1587 1179 1602 1217; x_wconf 76' lang='grc' dir='ltr'><strong>α</strong></span> <span class='ocrx_word' id='word_1_11' title='bbox 1626 1149 1677 1219; x_wconf 89' lang='lat' dir='ltr'><strong>Le</strong></span> 
     </span>
     <span class='ocr_line' id='line_1_3' title="bbox 538 1282 1676 1386; baseline 0.002 -31"><span class='ocrx_word' id='word_1_12' title='bbox 538 1320 556 1345; x_wconf 64' lang='lat' dir='ltr'><strong>v·</strong></span> <span class='ocrx_word' id='word_1_13' title='bbox 587 1282 682 1355; x_wconf 88' lang='lat' dir='ltr'><strong>livre</strong></span> <span class='ocrx_word' id='word_1_14' title='bbox 700 1282 850 1357; x_wconf 67' lang='lat' dir='ltr'><strong>intituli</strong></span> <span class='ocrx_word' id='word_1_15' title='bbox 870 1288 1141 1358; x_wconf 83' lang='lat' dir='ltr'><strong>Cantatorinm</strong></span> <span class='ocrx_word' id='word_1_16' title='bbox 1159 1301 1210 1359; x_wconf 84' lang='lat' dir='ltr'><strong>est</strong></span> <span class='ocrx_word' id='word_1_17' title='bbox 1231 1312 1311 1386; x_wconf 89' lang='lat' dir='ltr'><strong>ung</strong></span> <span class='ocrx_word' id='word_1_18' title='bbox 1326 1285 1424 1360; x_wconf 86' lang='lat' dir='ltr'><strong>livre</strong></span> <span class='ocrx_word' id='word_1_19' title='bbox 1451 1285 1522 1358; x_wconf 81' lang='lat' dir='ltr'><strong>fort</strong></span> <span class='ocrx_word' id='word_1_20' title='bbox 1542 1285 1676 1358; x_wconf 81' lang='lat' dir='ltr'><strong>ancien</strong></span> 
     </span>
     <span class='ocr_line' id='line_1_4' title="bbox 542 1422 1679 1527; baseline 0.006 -38"><span class='ocrx_word' id='word_1_21' title='bbox 542 1452 557 1489; x_wconf 84' lang='lat'>»</span> <span class='ocrx_word' id='word_1_22' title='bbox 586 1439 622 1495; x_wconf 81' lang='lat' dir='ltr'><strong>et</strong></span> <span class='ocrx_word' id='word_1_23' title='bbox 638 1422 913 1525; x_wconf 77' lang='lat' dir='ltr'><strong>auctenticque,</strong></span> <span class='ocrx_word' id='word_1_24' title='bbox 933 1443 1050 1527; x_wconf 80' lang='lat' dir='ltr'>ayant</span> <span class='ocrx_word' id='word_1_25' title='bbox 1076 1424 1267 1522; x_wconf 79' lang='lat' dir='ltr'><strong>tousjours</strong></span> <span class='ocrx_word' id='word_1_26' title='bbox 1289 1428 1418 1526; x_wconf 71' lang='lat' dir='ltr'><strong>reposci</strong></span> <span class='ocrx_word' id='word_1_27' title='bbox 1440 1441 1474 1498; x_wconf 84' lang='lat' dir='ltr'><strong>et</strong></span> <span class='ocrx_word' id='word_1_28' title='bbox 1498 1426 1573 1498; x_wconf 73' lang='lat' dir='ltr'><strong>este</strong></span> <span class='ocrx_word' id='word_1_29' title='bbox 1590 1450 1679 1497; x_wconf 89' lang='lat' dir='ltr'><strong>oon·</strong></span> 
     </span>
     <span class='ocr_line' id='line_1_5' title="bbox 541 1562 1680 1637; baseline 0.004 -9"><span class='ocrx_word' id='word_1_30' title='bbox 541 1590 557 1628; x_wconf 73' lang='lat' dir='ltr'><strong>s</strong></span> <span class='ocrx_word' id='word_1_31' title='bbox 587 1563 693 1634; x_wconf 78' lang='lat' dir='ltr'><strong>serve</strong></span> <span class='ocrx_word' id='word_1_32' title='bbox 719 1589 769 1633; x_wconf 90' lang='lat' dir='ltr'><strong>au</strong></span> <span class='ocrx_word' id='word_1_33' title='bbox 802 1565 1012 1636; x_wconf 73' lang='lat' dir='ltr'><strong>monastire</strong></span> <span class='ocrx_word' id='word_1_34' title='bbox 1042 1563 1205 1637; x_wconf 87' lang='lat' dir='ltr'><strong>d’Orval</strong></span> <span class='ocrx_word' id='word_1_35' title='bbox 1231 1599 1248 1631; x_wconf 73' lang='lat' dir='ltr'><strong>a</strong></span> <span class='ocrx_word' id='word_1_36' title='bbox 1278 1570 1303 1636; x_wconf 89' lang='lat'><strong>¹.</strong></span> <span class='ocrx_word' id='word_1_37' title='bbox 1341 1562 1595 1636; x_wconf 81' lang='lat' dir='ltr'><strong>L’indication</strong></span> <span class='ocrx_word' id='word_1_38' title='bbox 1625 1578 1680 1634; x_wconf 85' lang='lat' dir='ltr'><strong>est</strong></span> 
     </span>
     <span class='ocr_line' id='line_1_6' title="bbox 538 1697 1680 1801; baseline 0.003 -32"><span class='ocrx_word' id='word_1_39' title='bbox 538 1698 727 1796; x_wconf 76' lang='lat' dir='ltr'><strong>preoieuse</strong></span> <span class='ocrx_word' id='word_1_40' title='bbox 747 1725 755 1770; x_wconf 75' lang='grc' dir='ltr'><em>τ</em></span> <span class='ocrx_word' id='word_1_41' title='bbox 777 1727 843 1774; x_wconf 86' lang='lat' dir='ltr'><strong>car</strong></span> <span class='ocrx_word' id='word_1_42' title='bbox 856 1727 951 1773; x_wconf 90' lang='lat' dir='ltr'><strong>nous</strong></span> <span class='ocrx_word' id='word_1_43' title='bbox 971 1701 1175 1801; x_wconf 86' lang='lat' dir='ltr'><strong>posse&#39;dons</strong></span> <span class='ocrx_word' id='word_1_44' title='bbox 1201 1728 1334 1774; x_wconf 85' lang='lat' dir='ltr'><strong>encore</strong></span> <span class='ocrx_word' id='word_1_45' title='bbox 1362 1699 1619 1801; x_wconf 82' lang='lat' dir='ltr'><strong>l&#39;exemplaire</strong></span> <span class='ocrx_word' id='word_1_46' title='bbox 1632 1697 1680 1772; x_wconf 87' lang='lat' dir='ltr'><strong>de</strong></span> 
     </span>
     <span class='ocr_line' id='line_1_7' title="bbox 537 1835 1679 1941; baseline 0.004 -35"><span class='ocrx_word' id='word_1_47' title='bbox 537 1835 571 1906; x_wconf 88' lang='lat' dir='ltr'><strong>la</strong></span> <span class='ocrx_word' id='word_1_48' title='bbox 593 1835 814 1937; x_wconf 79' lang='lat' dir='ltr'><strong>Chroaiqae</strong></span> <span class='ocrx_word' id='word_1_49' title='bbox 831 1839 899 1941; x_wconf 91' lang='lat' dir='ltr'><strong>qui</strong></span> <span class='ocrx_word' id='word_1_50' title='bbox 918 1840 1062 1938; x_wconf 73' lang='lat' dir='ltr'><strong>repond</strong></span> <span class='ocrx_word' id='word_1_51' title='bbox 1081 1843 1100 1913; x_wconf 77' lang='lat' dir='ltr'><strong>is</strong></span> <span class='ocrx_word' id='word_1_52' title='bbox 1116 1838 1441 1940; x_wconf 77' lang='lat' dir='ltr'><strong>casignalemen13</strong></span> <span class='ocrx_word' id='word_1_53' title='bbox 1464 1865 1561 1912; x_wconf 90' lang='lat' dir='ltr'><strong>nous</strong></span> <span class='ocrx_word' id='word_1_54' title='bbox 1574 1837 1679 1910; x_wconf 75' lang='lat' dir='ltr'><strong>l&#39;eta-</strong></span> 
     </span>
     <span class='ocr_line' id='line_1_8' title="bbox 537 1971 1678 2078; baseline 0.003 -34"><span class='ocrx_word' id='word_1_55' title='bbox 537 1971 680 2046; x_wconf 84' lang='lat' dir='ltr'><strong>blirons</strong></span> <span class='ocrx_word' id='word_1_56' title='bbox 714 1992 793 2049; x_wconf 79' lang='lat' dir='ltr'><strong>tout</strong></span> <span class='ocrx_word' id='word_1_57' title='bbox 823 1978 844 2048; x_wconf 75' lang='lat' dir='ltr'><strong>a</strong></span> <span class='ocrx_word' id='word_1_58' title='bbox 877 1977 1033 2069; x_wconf 87' lang='lat' dir='ltr'><strong>l&#39;heure,</strong></span> <span class='ocrx_word' id='word_1_59' title='bbox 1067 1994 1102 2051; x_wconf 81' lang='lat' dir='ltr'><strong>et</strong></span> <span class='ocrx_word' id='word_1_60' title='bbox 1134 2005 1229 2052; x_wconf 86' lang='lat' dir='ltr'><strong>nous</strong></span> <span class='ocrx_word' id='word_1_61' title='bbox 1260 1994 1499 2051; x_wconf 89' lang='lat' dir='ltr'><strong>montrerons</strong></span> <span class='ocrx_word' id='word_1_62' title='bbox 1529 2003 1604 2078; x_wconf 89' lang='lat' dir='ltr'><strong>que</strong></span> <span class='ocrx_word' id='word_1_63' title='bbox 1638 2001 1678 2048; x_wconf 88' lang='lat' dir='ltr'><strong>ce</strong></span> 
     </span>
     <span class='ocr_line' id='line_1_9' title="bbox 536 2114 1626 2218; baseline 0.003 -34"><span class='ocrx_word' id='word_1_64' title='bbox 536 2114 721 2212; x_wconf 73' lang='lat' dir='ltr'><strong>pretendu</strong></span> <span class='ocrx_word' id='word_1_65' title='bbox 741 2116 905 2217; x_wconf 85' lang='lat' dir='ltr'><strong>original</strong></span> <span class='ocrx_word' id='word_1_66' title='bbox 924 2144 969 2190; x_wconf 91' lang='lat' dir='ltr'><strong>ne</strong></span> <span class='ocrx_word' id='word_1_67' title='bbox 987 2118 1171 2191; x_wconf 79' lang='lat' dir='ltr'><strong>constitue</strong></span> <span class='ocrx_word' id='word_1_68' title='bbox 1189 2118 1333 2218; x_wconf 87' lang='lat' dir='ltr'><strong>qu&#39;une</strong></span> <span class='ocrx_word' id='word_1_69' title='bbox 1353 2117 1489 2217; x_wconf 85' lang='lat' dir='ltr'><strong>simple</strong></span> <span class='ocrx_word' id='word_1_70' title='bbox 1506 2115 1626 2216; x_wconf 82' lang='lat' dir='ltr'><strong>copie.</strong></span> 
     </span>
    </p>

    <p class='ocr_par' dir='ltr' id='par_1_3' title="bbox 535 2250 1678 2881">
     <span class='ocr_line' id='line_1_10' title="bbox 584 2250 1678 2358; baseline 0.001 -34"><span class='ocrx_word' id='word_1_71' title='bbox 584 2250 681 2325; x_wconf 80' lang='lat' dir='ltr'><strong>C’est</strong></span> <span class='ocrx_word' id='word_1_72' title='bbox 702 2282 751 2325; x_wconf 92' lang='lat' dir='ltr'><strong>un</strong></span> <span class='ocrx_word' id='word_1_73' title='bbox 774 2255 925 2329; x_wconf 81' lang='lat' dir='ltr'><strong>volume</strong></span> <span class='ocrx_word' id='word_1_74' title='bbox 944 2255 1052 2347; x_wconf 60' lang='grc' dir='ltr'><strong>ἰπὶ-80,</strong></span> <span class='ocrx_word' id='word_1_75' title='bbox 1074 2258 1309 2358; x_wconf 82' lang='lat' dir='ltr'><strong>parchemin,</strong></span> <span class='ocrx_word' id='word_1_76' title='bbox 1340 2256 1478 2330; x_wconf 89' lang='lat' dir='ltr'><strong>reliure</strong></span> <span class='ocrx_word' id='word_1_77' title='bbox 1495 2254 1678 2329; x_wconf 82' lang='lat' dir='ltr'><strong>ancienne</strong></span> 
     </span>
     <span class='ocr_line' id='line_1_11' title="bbox 536 2390 1676 2494; baseline 0.003 -34"><span class='ocrx_word' id='word_1_78' title='bbox 536 2415 580 2462; x_wconf 91' lang='lat' dir='ltr'><strong>en</strong></span> <span class='ocrx_word' id='word_1_79' title='bbox 608 2418 705 2464; x_wconf 91' lang='lat' dir='ltr'><strong>veau</strong></span> <span class='ocrx_word' id='word_1_80' title='bbox 731 2392 816 2465; x_wconf 87' lang='lat' dir='ltr'><strong>noir</strong></span> <span class='ocrx_word' id='word_1_81' title='bbox 843 2421 906 2466; x_wconf 89' lang='lat' dir='ltr'><strong>sur</strong></span> <span class='ocrx_word' id='word_1_82' title='bbox 931 2395 1001 2487; x_wconf 87' lang='lat' dir='ltr'><strong>ais,</strong></span> <span class='ocrx_word' id='word_1_83' title='bbox 1029 2414 1227 2469; x_wconf 83' lang='lat' dir='ltr'><strong>recouvert</strong></span> <span class='ocrx_word' id='word_1_84' title='bbox 1253 2395 1369 2468; x_wconf 86' lang='lat' dir='ltr'><strong>d&#39;une</strong></span> <span class='ocrx_word' id='word_1_85' title='bbox 1394 2394 1602 2494; x_wconf 88' lang='lat' dir='ltr'><strong>enveloppe</strong></span> <span class='ocrx_word' id='word_1_86' title='bbox 1630 2390 1676 2463; x_wconf 95' lang='lat' dir='ltr'><strong>de</strong></span> 
     </span>
     <span class='ocr_line' id='line_1_12' title="bbox 536 2526 1674 2607; baseline 0 -8"><span class='ocrx_word' id='word_1_87' title='bbox 536 2526 676 2601; x_wconf 88' lang='lat' dir='ltr'><strong>basane</strong></span> <span class='ocrx_word' id='word_1_88' title='bbox 714 2527 841 2604; x_wconf 83' lang='lat' dir='ltr'><strong>fauve.</strong></span> <span class='ocrx_word' id='word_1_89' title='bbox 881 2530 932 2605; x_wconf 92' lang='lat' dir='ltr'><strong>Ce</strong></span> <span class='ocrx_word' id='word_1_90' title='bbox 975 2534 1185 2607; x_wconf 78' lang='lat' dir='ltr'><strong>manuscrit</strong></span> <span class='ocrx_word' id='word_1_91' title='bbox 1227 2533 1389 2605; x_wconf 83' lang='lat' dir='ltr'><strong>contient</strong></span> <span class='ocrx_word' id='word_1_92' title='bbox 1436 2559 1488 2604; x_wconf 91' lang='lat' dir='ltr'><strong>un</strong></span> <span class='ocrx_word' id='word_1_93' title='bbox 1533 2527 1674 2603; x_wconf 81' lang='lat' dir='ltr'><strong>certain</strong></span> 
     </span>
     <span class='ocr_line' id='line_1_13' title="bbox 536 2665 1674 2773; baseline 0.001 -36"><span class='ocrx_word' id='word_1_94' title='bbox 536 2665 695 2740; x_wconf 90' lang='lat' dir='ltr'><strong>nombre</strong></span> <span class='ocrx_word' id='word_1_95' title='bbox 727 2668 774 2741; x_wconf 90' lang='lat' dir='ltr'><strong>de</strong></span> <span class='ocrx_word' id='word_1_96' title='bbox 805 2697 981 2770; x_wconf 88' lang='lat' dir='ltr'><strong>psaumes</strong></span> <span class='ocrx_word' id='word_1_97' title='bbox 1007 2689 1042 2745; x_wconf 83' lang='lat' dir='ltr'><strong>et</strong></span> <span class='ocrx_word' id='word_1_98' title='bbox 1072 2672 1291 2773; x_wconf 84' lang='lat' dir='ltr'><strong>d’hymnes‚</strong></span> <span class='ocrx_word' id='word_1_99' title='bbox 1319 2669 1404 2772; x_wconf 91' lang='lat' dir='ltr'><strong>puis</strong></span> <span class='ocrx_word' id='word_1_100' title='bbox 1435 2667 1487 2741; x_wconf 90' lang='lat' dir='ltr'><strong>les</strong></span> <span class='ocrx_word' id='word_1_101' title='bbox 1517 2691 1674 2766; x_wconf 90' lang='lat' dir='ltr'><strong>compo·</strong></span> 
     </span>
     <span class='ocr_line' id='line_1_14' title="bbox 535 2804 903 2881; baseline 0.014 -5"><span class='ocrx_word' id='word_1_102' title='bbox 535 2804 664 2877; x_wconf 86' lang='lat' dir='ltr'><strong>sitions</strong></span> <span class='ocrx_word' id='word_1_103' title='bbox 684 2807 874 2881; x_wconf 86' lang='lat' dir='ltr'><strong>suivantes</strong></span> <span class='ocrx_word' id='word_1_104' title='bbox 895 2834 903 2881; x_wconf 92' lang='lat'><strong>:</strong></span> 
     </span>
    </p>

    <p class='ocr_par' dir='ltr' id='par_1_4' title="bbox 592 2946 1001 3021">
     <span class='ocr_line' id='line_1_15' title="bbox 592 2946 1001 3021; baseline 0.005 -3"><span class='ocrx_word' id='word_1_105' title='bbox 592 2946 682 3018; x_wconf 86' lang='lat' dir='ltr'><strong>Vita</strong></span> <span class='ocrx_word' id='word_1_106' title='bbox 699 2952 829 3018; x_wconf 82' lang='lat' dir='ltr'><strong>sancti</strong></span> <span class='ocrx_word' id='word_1_107' title='bbox 845 2946 1001 3021; x_wconf 73' lang='lat' dir='ltr'><strong>dodoci.</strong></span> 
     </span>
    </p>

    <p class='ocr_par' dir='ltr' id='par_1_5' title="bbox 591 3086 1312 3185">
     <span class='ocr_line' id='line_1_16' title="bbox 591 3086 1312 3185; baseline 0.003 -29"><span class='ocrx_word' id='word_1_108' title='bbox 591 3086 682 3156; x_wconf 89' lang='lat' dir='ltr'><strong>Vita</strong></span> <span class='ocrx_word' id='word_1_109' title='bbox 699 3091 829 3157; x_wconf 83' lang='lat' dir='ltr'><strong>sancti</strong></span> <span class='ocrx_word' id='word_1_110' title='bbox 847 3086 998 3184; x_wconf 86' lang='lat' dir='ltr'><strong>Basyiii</strong></span> <span class='ocrx_word' id='word_1_111' title='bbox 1015 3086 1312 3185; x_wconf 76' lang='lat' dir='ltr'><strong>archiepiscopi.</strong></span> 
     </span>
    </p>

    <p class='ocr_par' dir='ltr' id='par_1_6' title="bbox 583 3223 1318 3324">
     <span class='ocr_line' id='line_1_17' title="bbox 583 3223 1318 3324; baseline 0.008 -33"><span class='ocrx_word' id='word_1_112' title='bbox 583 3223 724 3294; x_wconf 82' lang='lat' dir='ltr'><strong>Passio</strong></span> <span class='ocrx_word' id='word_1_113' title='bbox 738 3229 868 3296; x_wconf 86' lang='lat' dir='ltr'><strong>sancti</strong></span> <span class='ocrx_word' id='word_1_114' title='bbox 885 3225 1121 3324; x_wconf 81' lang='lat' dir='ltr'><strong>Leodegarii</strong></span> <span class='ocrx_word' id='word_1_115' title='bbox 1137 3230 1318 3322; x_wconf 75' lang='lat' dir='ltr'><strong>episcopi.</strong></span> 
     </span>
    </p>

    <p class='ocr_par' dir='ltr' id='par_1_7' title="bbox 591 3365 1246 3465">
     <span class='ocr_line' id='line_1_18' title="bbox 591 3365 1246 3465; baseline 0.002 -30"><span class='ocrx_word' id='word_1_116' title='bbox 591 3365 681 3435; x_wconf 89' lang='lat' dir='ltr'><strong>Vita</strong></span> <span class='ocrx_word' id='word_1_117' title='bbox 699 3379 833 3436; x_wconf 84' lang='lat' dir='ltr'><strong>sancte</strong></span> <span class='ocrx_word' id='word_1_118' title='bbox 851 3366 1047 3453; x_wconf 76' lang='lat' dir='ltr'><strong>Eusroaie</strong></span> <span class='ocrx_word' id='word_1_119' title='bbox 1065 3370 1246 3465; x_wconf 72' lang='lat' dir='ltr'><strong>virginis,</strong></span> 
     </span>
    </p>

    <p class='ocr_par' dir='ltr' id='par_1_8' title="bbox 591 3503 1231 3603">
     <span class='ocr_line' id='line_1_19' title="bbox 591 3503 1231 3603; baseline -0.003 -28"><span class='ocrx_word' id='word_1_120' title='bbox 591 3505 682 3575; x_wconf 86' lang='lat' dir='ltr'><strong>Vita</strong></span> <span class='ocrx_word' id='word_1_121' title='bbox 697 3503 804 3575; x_wconf 80' lang='lat' dir='ltr'><strong>beate</strong></span> <span class='ocrx_word' id='word_1_122' title='bbox 821 3505 1065 3603; x_wconf 82' lang='lat' dir='ltr'><strong>Radeguade</strong></span> <span class='ocrx_word' id='word_1_123' title='bbox 1083 3509 1231 3603; x_wconf 80' lang='lat' dir='ltr'><strong>regine.</strong></span> 
     </span>
    </p>

    <p class='ocr_par' dir='ltr' id='par_1_9' title="bbox 590 3639 1177 3740">
     <span class='ocr_line' id='line_1_20' title="bbox 590 3639 1177 3740; baseline 0 -29"><span class='ocrx_word' id='word_1_124' title='bbox 590 3641 681 3711; x_wconf 87' lang='lat' dir='ltr'><strong>Vita</strong></span> <span class='ocrx_word' id='word_1_125' title='bbox 695 3639 804 3711; x_wconf 82' lang='lat' dir='ltr'><strong>beate</strong></span> <span class='ocrx_word' id='word_1_126' title='bbox 823 3640 1011 3712; x_wconf 87' lang='lat' dir='ltr'><strong>Baltiidis</strong></span> <span class='ocrx_word' id='word_1_127' title='bbox 1029 3647 1177 3740; x_wconf 80' lang='lat' dir='ltr'><strong>regine.</strong></span> 
     </span>
    </p>

    <p class='ocr_par' dir='ltr' id='par_1_10' title="bbox 530 3777 1675 4011">
     <span class='ocr_line' id='line_1_21' title="bbox 582 3777 1675 3873; baseline -0.004 -24"><span class='ocrx_word' id='word_1_128' title='bbox 582 3779 762 3873; x_wconf 82' lang='lat' dir='ltr'><strong>Epistola</strong></span> <span class='ocrx_word' id='word_1_129' title='bbox 787 3779 997 3852; x_wconf 80' lang='lat' dir='ltr'><strong>Gtttetertt</strong></span> <span class='ocrx_word' id='word_1_130' title='bbox 1022 3779 1173 3850; x_wconf 82' lang='lat' dir='ltr'><strong>abbatis</strong></span> <span class='ocrx_word' id='word_1_131' title='bbox 1198 3777 1250 3848; x_wconf 87' lang='lat' dir='ltr'><strong>ad</strong></span> <span class='ocrx_word' id='word_1_132' title='bbox 1273 3777 1503 3849; x_wconf 80' lang='lat' dir='ltr'><strong>Ansetmum</strong></span> <span class='ocrx_word' id='word_1_133' title='bbox 1528 3781 1675 3870; x_wconf 86' lang='lat' dir='ltr'><strong>episco-</strong></span> 
     </span>
     <span class='ocr_line' id='line_1_22' title="bbox 530 3944 635 4011; baseline 0.01 -25"><span class='ocrx_word' id='word_1_134' title='bbox 530 3944 635 4011; x_wconf 83' lang='lat' dir='ltr'><strong>pam.</strong></span> 
     </span>
    </p>

    <p class='ocr_par' dir='ltr' id='par_1_11' title="bbox 533 4050 1674 4402">
     <span class='ocr_line' id='line_1_23' title="bbox 589 4050 1674 4150; baseline -0.006 -23"><span class='ocrx_word' id='word_1_135' title='bbox 589 4057 811 4150; x_wconf 81' lang='lat' dir='ltr'><strong>Disputatio</strong></span> <span class='ocrx_word' id='word_1_136' title='bbox 829 4056 1052 4129; x_wconf 72' lang='lat' dir='ltr'><strong>Judaeum</strong></span> <span class='ocrx_word' id='word_1_137' title='bbox 1075 4054 1301 4128; x_wconf 75' lang='lat' dir='ltr'><strong>Christiano</strong></span> <span class='ocrx_word' id='word_1_138' title='bbox 1320 4054 1367 4126; x_wconf 87' lang='lat' dir='ltr'><strong>de</strong></span> <span class='ocrx_word' id='word_1_139' title='bbox 1378 4051 1462 4144; x_wconf 80' lang='lat' dir='ltr'><strong>fide</strong></span> <span class='ocrx_word' id='word_1_140' title='bbox 1479 4050 1674 4124; x_wconf 77' lang='lat' dir='ltr'><strong>catholica</strong></span> 
     </span>
     <span class='ocr_line' id='line_1_24' title="bbox 533 4191 1672 4279; baseline -0.004 -16"><span class='ocrx_word' id='word_1_141' title='bbox 533 4192 784 4279; x_wconf 56' lang='lat' dir='ltr'><strong>disputantis</strong></span> <span class='ocrx_word' id='word_1_142' title='bbox 815 4193 920 4265; x_wconf 84' lang='lat' dir='ltr'><strong>edita</strong></span> <span class='ocrx_word' id='word_1_143' title='bbox 948 4222 971 4265; x_wconf 89' lang='lat' dir='ltr'><strong>a</strong></span> <span class='ocrx_word' id='word_1_144' title='bbox 999 4193 1220 4266; x_wconf 84' lang='lat' dir='ltr'><strong>Gisieberto</strong></span> <span class='ocrx_word' id='word_1_145' title='bbox 1247 4191 1385 4262; x_wconf 79' lang='lat' dir='ltr'><strong>abbate</strong></span> <span class='ocrx_word' id='word_1_146' title='bbox 1412 4193 1672 4263; x_wconf 86' lang='lat' dir='ltr'><strong>Westmoaas·</strong></span> 
     </span>
     <span class='ocr_line' id='line_1_25' title="bbox 536 4337 634 4402; baseline 0.02 -2"><span class='ocrx_word' id='word_1_147' title='bbox 536 4337 634 4402; x_wconf 88' lang='lat' dir='ltr'><strong>terii.</strong></span> 
     </span>
    </p>

    <p class='ocr_par' dir='ltr' id='par_1_12' title="bbox 583 4473 1559 4569">
     <span class='ocr_line' id='line_1_26' title="bbox 583 4473 1559 4569; baseline 0 -29"><span class='ocrx_word' id='word_1_148' title='bbox 583 4473 722 4543; x_wconf 85' lang='lat' dir='ltr'><strong>Passio</strong></span> <span class='ocrx_word' id='word_1_149' title='bbox 740 4485 876 4543; x_wconf 87' lang='lat' dir='ltr'><strong>sancte</strong></span> <span class='ocrx_word' id='word_1_150' title='bbox 897 4473 1104 4543; x_wconf 82' lang='lat' dir='ltr'><strong>Anastasie</strong></span> <span class='ocrx_word' id='word_1_151' title='bbox 1123 4475 1292 4569; x_wconf 82' lang='lat' dir='ltr'><strong>virginis</strong></span> <span class='ocrx_word' id='word_1_152' title='bbox 1311 4483 1349 4540; x_wconf 89' lang='lat' dir='ltr'><strong>et</strong></span> <span class='ocrx_word' id='word_1_153' title='bbox 1362 4474 1559 4566; x_wconf 77' lang='lat' dir='ltr'><strong>martyris,</strong></span> 
     </span>
    </p>
   </div>
   <div class='ocr_carea' id='block_1_3' title="bbox 586 4608 1337 4706">
    <p class='ocr_par' dir='ltr' id='par_1_13' title="bbox 586 4608 1337 4706">
     <span class='ocr_line' id='line_1_27' title="bbox 586 4608 1337 4706; baseline 0.001 -26"><span class='ocrx_word' id='word_1_154' title='bbox 586 4614 720 4681; x_wconf 77' lang='lat' dir='ltr'><strong>Passio</strong></span> <span class='ocrx_word' id='word_1_155' title='bbox 738 4614 870 4681; x_wconf 84' lang='lat' dir='ltr'><strong>sancti</strong></span> <span class='ocrx_word' id='word_1_156' title='bbox 892 4608 1121 4681; x_wconf 78' lang='lat' dir='ltr'><strong>Theoderici</strong></span> <span class='ocrx_word' id='word_1_157' title='bbox 1139 4614 1337 4706; x_wconf 79' lang='lat' dir='ltr'><strong>martyris.</strong></span> 
     </span>
    </p>
   </div>
   <div class='ocr_carea' id='block_1_4' title="bbox 537 4880 1674 5072">
    <p class='ocr_par' dir='ltr' id='par_1_14' title="bbox 537 4880 1674 5072">
     <span class='ocr_line' id='line_1_28' title="bbox 568 4880 1674 4966; baseline 0 -17"><span class='ocrx_word' id='word_1_158' title='bbox 568 4906 575 4931; x_wconf 87' lang='lat'><em>¹</em></span> <span class='ocrx_word' id='word_1_159' title='bbox 594 4899 732 4950; x_wconf 87' lang='lat' dir='ltr'><strong>Archives</strong></span> <span class='ocrx_word' id='word_1_160' title='bbox 747 4899 782 4949; x_wconf 93' lang='lat' dir='ltr'><strong>de</strong></span> <span class='ocrx_word' id='word_1_161' title='bbox 798 4881 885 4949; x_wconf 62' lang='lat' dir='ltr'><strong>rint</strong></span> <span class='ocrx_word' id='word_1_162' title='bbox 900 4901 916 4948; x_wconf 86' lang='lat' dir='ltr'><strong>&#39;a</strong></span> <span class='ocrx_word' id='word_1_163' title='bbox 932 4897 1028 4966; x_wconf 82' lang='lat' dir='ltr'><strong>Liege.</strong></span> <span class='ocrx_word' id='word_1_164' title='bbox 1046 4880 1113 4948; x_wconf 73' lang='lat' dir='ltr'><strong>Etat&#39;</strong></span> <span class='ocrx_word' id='word_1_165' title='bbox 1130 4898 1272 4964; x_wconf 89' lang='lat' dir='ltr'><strong>primaire.</strong></span> <span class='ocrx_word' id='word_1_166' title='bbox 1291 4896 1395 4949; x_wconf 77' lang='lat' dir='ltr'><strong>Proces</strong></span> <span class='ocrx_word' id='word_1_167' title='bbox 1412 4898 1447 4948; x_wconf 90' lang='lat' dir='ltr'><strong>de</strong></span> <span class='ocrx_word' id='word_1_168' title='bbox 1465 4896 1674 4949; x_wconf 71' lang='lat' dir='ltr'><strong>Sirim-Hubert</strong></span> 
     </span>
     <span class='ocr_line' id='line_1_29' title="bbox 537 5002 1180 5072; baseline 0.003 -20"><span class='ocrx_word' id='word_1_169' title='bbox 537 5012 631 5055; x_wconf 86' lang='lat' dir='ltr'><strong>contre</strong></span> <span class='ocrx_word' id='word_1_170' title='bbox 644 5003 853 5071; x_wconf 82' lang='lat' dir='ltr'><strong>Luxembourg.</strong></span> <span class='ocrx_word' id='word_1_171' title='bbox 867 5003 997 5072; x_wconf 81' lang='lat' dir='ltr'><strong>Registre</strong></span> <span class='ocrx_word' id='word_1_172' title='bbox 1011 5002 1065 5061; x_wconf 83' lang='lat'>162,</span> <span class='ocrx_word' id='word_1_173' title='bbox 1079 5020 1107 5070; x_wconf 90' lang='lat' dir='ltr'><strong>p.</strong></span> <span class='ocrx_word' id='word_1_174' title='bbox 1122 5016 1180 5068; x_wconf 79' lang='lat'><strong>405.</strong></span> 
     </span>
    </p>
   </div>
   <div class='ocr_carea' id='block_1_5' title="bbox 0 0 2230 6122">
    <p class='ocr_par' dir='ltr' id='par_1_15' title="bbox 0 0 2230 6122">
     <span class='ocr_line' id='line_1_30' title="bbox 0 0 2230 6122; baseline 0 0"><span class='ocrx_word' id='word_1_175' title='bbox 0 0 2230 6122; x_wconf 95' lang='lat' dir='ltr'><strong> </strong></span> 
     </span>
    </p>
   </div>
  </div>
 </body>
</html>
