4450 6125
613 859 667 940 44
817 792 1134 918 'cantatorium
1163 845 1256 919 sive
1292 837 1542 918 Chi-onina
1651 873 1655 878 ’

613 1134 758 1215 pascalis
781 1134 935 1196 muneris
956 1135 1019 1197 sibi
1044 1136 1164 1198 eodem
1186 1134 1269 1216 [die]
1289 1135 1443 1197 delatum
1464 1144 1515 1197 est
1534 1132 1637 1195 militi
1659 1133 1763 1197 resti-

614 1235 681 1297 tuit
695 1248 722 1296 a.
741 1234 938 1297 Britannico
952 1236 1090 1299 cuidam
1104 1237 1238 1311 cleric0,
1256 1236 1469 1311 Marbodoni,
1487 1254 1569 1298 cum
1581 1236 1763 1298 recumbe·

615 1345 666 1398 ret
693 1336 735 1398 ad
767 1336 953 1416 prandium
979 1337 1144 1399 Willelmi
1169 1337 1268 1419 regis,
1292 1336 1402 1398 delata
1428 1338 1542 1399 estad
1567 1336 1760 1399 bibendum

615 1454 717 1498 aurea
733 1459 745 1498 1
762 1438 869 1512 navis,
900 1455 1006 1518 quam
1035 1438 1122 1501 dum
1152 1439 1187 1500 in
1213 1455 1318 1500 manu
1342 1445 1485 1513 teneret,
1509 1437 1678 1500 talem'de
1700 1436 1761 1500 illa

616 1555 754 1601 versum
770 1538 856 1601 dixit
879 1559 884 1597 :
1628 1564 1632 1571 ·
1811 1570 1826 1623 ς

834 1736 894 1788 Nec
904 1738 965 1804 pice
978 1751 989 1777 c
1003 1752 1054 1789 nec
1066 1737 1154 1789 clavis
1165 1747 1228 1806 eget
1241 1740 1292 1789 hec
1308 1746 1440 1805 argentea
1452 1739 1540 1790 navis.

660 1943 772 2024 Hug0,
790 1942 1015 2022 Lingonensis
1039 1942 1221 2022 episcopus
1242 1942 1263 2016 ¹,
1290 1940 1547 2003 lherosolimam
1568 1941 1695 2015 iturus,
1718 1941 1759 2002 ad

620 2042 852 2124 expetendum
865 2043 918 2103 vie
933 2041 1128 2103 subsidium
1143 2042 1294 2104 eundem
1311 2059 1427 2122 regem
1438 2041 1524 2102 adiit
1538 2039 1648 2122 eique,
1662 2041 1762 2122 quasi

620 2146 663 2208 ad
678 2144 854 2205 decentem
869 2143 1032 2223 graciam,
1052 2143 1251 2221 hujusmodi
1267 2142 1510 2205 salutationem
1525 2141 1761 2222 presentavit:

823 2362 852 2414 Si
864 2361 927 2426 quis
941 2362 969 2412 in
981 2369 1047 2412 ante
1059 2360 1146 2423 videt,
1159 2362 1207 2428 qui
1220 2369 1248 2412 te
1260 2360 1461 2426 circumspicit,
1474 2367 1551 2411 exte
1628 2345 1642 2364 ‘

821 2449 958 2518 Colligit:
972 2456 1038 2500 ante
1051 2463 1155 2507 comes,
1170 2462 1219 2499 rex
1232 2447 1328 2509 modo,
1343 2462 1421 2499 cesar
1430 2447 1495 2498 erit.

665 2654 740 2730 Que
762 2652 836 2714 laus
852 2652 1045 2714 multorum
1061 2649 1174 2713 lavore
1196 2651 1349 2730 exposita
1371 2658 1405 2712 et
1425 2649 1665 2712 commendata
1685 2669 1773 2714 cum

624 2752 805 2835 placuisset
821 2752 904 2832 regi,
923 2751 1066 2832 longum
1083 2758 1133 2812 est
1150 2751 1347 2825 memorari,
1364 2761 1449 2831 quot
1463 2760 1497 2812 et
1512 2749 1653 2831 quantis
1667 2750 1774 2816 donis

624 2855 826 2935 episcopum
842 2853 1073 2914 honoraverit.
1091 2852 1186 2914 ldem
1203 2853 1315 2933 Hugo,
1330 2870 1410 2914 cum
1429 2868 1576 2931 puerum
1591 2852 1775 2933 quendam

624 2955 814 3018 ordinasset
828 2954 1043 3028 exorcistam,
1060 2953 1171 3034 Hug0,
1189 2952 1430 3034 Lugdunensis
1445 2951 1723 3032 archiepiscopus
1738 2963 1775 3018 et
1809 2976 1839 3028 ¹5

628 3055 780 3119 Romane
794 3052 931 3116 ecclesie
944 3053 1077 3134 legatus
1088 3053 1111 3127 ²,
1124 3053 1269 3115 eandem
1285 3051 1539 3115 ordinationem
1550 3050 1656 3115 nimis
1666 3051 1776 3117 indis·

626 3165 716 3218 crete
729 3154 866 3217 irritam
883 3154 1059 3232 judicavit,
1077 3153 1212 3235 ipsique
1227 3171 1336 3234 puero
1350 3163 1506 3233 acceptos
1520 3152 1626 3215 semel
1639 3153 1778 3235 gradus

624 3276 686 3321 sua
705 3256 921 3319 ordinatione
940 3254 1088 3318 iteravit.
1109 3255 1205 3317 Hanc
1219 3254 1385 3334 injuriam
1404 3254 1457 3315 sui
1476 3252 1660 3333 episcopus
1678 3270 1779 3316 mor·

657 3501 683 3535 n.
702 3482 783 3534 Dans
794 3482 833 3546 A,
846 3485 923 3549 apris
936 3483 1069 3543 restituit,
1083 3481 1107 3531 le
1123 3489 1190 3531 terte
1205 3481 1329 3530 continue
1336 3497 1390 3546 par
1404 3479 1543 3529 l'anecdote
1559 3479 1646 3549 Hugo
1662 3479 1792 3550 Lingo-,

625 3572 763 3625 nensis-
772 3601 805 3609 -
814 3600 846 3608 -
864 3570 984 3637 psallere
999 3572 1096 3639 digne;
1115 3571 1184 3619 anais
1200 3570 1243 3618 des
1254 3567 1373 3618 letfrines
1386 3567 1549 3618 ritablr'ssent
1561 3567 1661 3619 l'ordre
1671 3584 1779 3621 comme
1807 3590 1844 3629 20

625 3660 760 3711 cidenas.
776 3688 809 3696 —
825 3656 848 3708 b.
863 3657 943 3708 Dans
961 3657 999 3721 A,
1019 3657 1157 3707 audessus
1173 3656 1203 3705 dc
1222 3670 1315 3716 aurea,
1333 3662 1357 3703 er
1372 3654 1450 3704 dunc
1464 3670 1541 3704 encre
1556 3654 1706 3722 diffitente,
1727 3655 1778 3707 vel

626 3755 766 3814 argentea.
780 3775 813 3783 —
824 3761 846 3794 c.
863 3744 926 3810 pico
937 3743 974 3795 Α.

665 4118 673 4146 ¹
693 4109 735 4162 De
755 4109 818 4174 1065
835 4112 851 4160 a
871 4110 947 4173 1085,
966 4107 1031 4174 plus
1047 4122 1140 4160 connu
1154 4123 1219 4158 sous
1232 4107 1258 4158 le
1271 4122 1337 4158 nom
1350 4107 1385 4158 de
1398 4106 1566 4169 Rainardus,
1578 4105 1615 4159 de
1627 4106 1654 4158 la
1667 4105 1780 4162 lamille

630 4196 750 4250 comtale
762 4196 797 4248 de
811 4194 881 4256 Bar,·
895 4211 944 4246 sur
956 4207 1007 4246 son
1021 4192 1182 4261 pelerinage
1194 4209 1229 4245 en
1242 4192 1331 4244 Terre
1345 4192 1440 4244 Sainte
1453 4192 1585 4260 (¹07⁶?)›
1598 4207 1666 4261 voy·
1682 4193 1780 4247 Gallika

633 4283 798 4343 Christiana,
812 4290 833 4333 t.
848 4282 896 4343 lV,
909 4280 965 4334 col.
980 4280 1036 4345 562.
1811 4297 1845 4350 25

666 4379 675 4404 ²
695 4369 798 4437 Hugue
810 4369 845 4419 dc
859 4368 1028 4435 Bourgogne
1040 4366 1081 4418 lut
1098 4366 1207 4432 eroque
1221 4365 1257 4417 de
1272 4364 1334 4426 Die,
1345 4366 1380 4416 de
1393 4367 1480 4430 rona
1492 4378 1554 4431 1092
1564 4364 1678 4433 (GAMS,
1689 4365 1782 4420 Sm'es

632 4456 850 4522 Episcoporum),
864 4465 892 4504 er
906 4454 978 4521 legat
991 4454 1026 4503 de
1038 4453 1176 4519 Gregoirc
1189 4451 1252 4513 Vll,
1266 4467 1302 4503 en
1319 4465 1380 4517 1077
1388 4467 1395 4513 ς
1411 4450 1436 4502 la
1448 4451 1513 4503 date
1524 4452 1560 4503 de
1571 4467 1601 4503 sa
1612 4453 1783 4519 promotion

633 4558 667 4593 au
680 4543 755 4608 siege
766 4538 986 4605 archiepiscopal
998 4539 1034 4591 de
1048 4538 1140 4606 Lyon,
1153 4537 1221 4605 qu'il
1234 4554 1340 4605 occupa
1352 4538 1481 4605 jusqu'en
1497 4538 1570 4599 1106,
1582 4537 1682 4591 oscille
1697 4547 1784 4593 entre

638 4629 741 4691 108301
757 4640 817 4691 1092
832 4624 945 4692 (1111),·
965 4627 983 4675 il
1002 4625 1110 4677 semble
1128 4625 1201 4677 donc
1220 4625 1285 4677 bien
1303 4641 1358 4692 quc
1376 4624 1402 4676 le
1420 4639 1534 4692 passage
1551 4623 1688 4676 cidessus
1704 4623 1784 4678 lour-

635 4716 709 4765 nisse
722 4728 760 4764 un
772 4713 895 4763 clement
909 4727 1037 4763 nouveau
1052 4727 1126 4779 pour
1138 4713 1163 4762 la
1176 4711 1292 4764 fixation
1310 4711 1346 4763 de
1363 4718 1437 4763 cette
1453 4711 1526 4771 date,
1540 4711 1661 4779 puisque
1673 4709 1782 4781 Hugue
1813 4733 1850 4785 30

635 4801 670 4852 de
688 4799 812 4867 Langres
831 4808 945 4850 mourut
963 4800 1012 4850 des
1029 4798 1056 4850 le
1079 4811 1092 4862 3
1113 4800 1183 4849 avril
1207 4801 1267 4863 1085
1289 4808 1317 4849 er
1339 4814 1395 4865 que
1416 4796 1520 4865 Hugue
1547 4797 1583 4849 de
1607 4795 1781 4869 Bourgogne

634 4889 759 4955 apparari
771 4901 883 4938 comme
895 4903 945 4938 son
958 4886 1151 4952 metropolitam
1165 4886 1233 4936 dans
1248 4884 1392 4937 l’incident
1405 4884 1550 4936 cidessus.
