4450 6125
933 881 1088 966 Sancti
1117 880 1330 965 Hatera.
1621 906 1697 988 ²4¹

562 1198 644 1245 cum
664 1181 869 1263 privilegio‘
884 1181 984 1263 legali
1003 1178 1182 1241 interdicte
1197 1178 1261 1241 sibi
1281 1180 1502 1242 ecclesiastice
1519 1183 1703 1261 possessio·

562 1283 618 1345 nis
633 1288 655 1357 ⁸,
671 1284 713 1344 ad
728 1285 923 1346 condictam
937 1280 1150 1343 audientiam
1165 1280 1270 1351 venit,
1286 1298 1475 1362 omnesque
1493 1282 1704 1362 potentiores

562 1383 659 1446 urbis
671 1401 832 1464 personas
842 1402 922 1446 cum
934 1381 1544 1464 Otbertoadrersumsecongregatas
1557 1382 1700 1445 invenit.

564 1483 690 1548 Locnto
711 1484 848 1562 judicio,
865 1485 1027 1545 sederunt
1043 1483 1077 1544 in
1094 1492 1189 1561 parte
1204 1483 1345 1544 abbates
1358 1492 1393 1544 et
1405 1483 1650 1557 archidiaconi,
1667 1484 1702 1546 in

519 1608 533 1661 ς
562 1596 660 1665 parte
680 1584 845 1648 Otbertus
864 1594 897 1646 ct
919 1585 1003 1646 laici.
1027 1584 1225 1662 Appellatus
1240 1591 1292 1644 est
1310 1582 1480 1657 Wiredus,
1497 1586 1589 1664 quod
1606 1582 1703 1647 tami·

561 1686 644 1749 liam
664 1686 902 1766 episcopalem,
923 1684 1049 1746 scilicet
1068 1681 1260 1745 defensores
1278 1683 1379 1745 castri
1395 1686 1447 1745 sui
1464 1688 1703 1748 excommuni-

559 1803 638 1849 care
663 1786 923 1866 presumpserit,
949 1786 1021 1847 sine
1047 1794 1203 1865 respectu
1230 1785 1387 1865 premissi
1411 1787 1452 1846 ad
1475 1805 1510 1848 se
1531 1788 1699 1850 clamoris.

562 1887 750 1968 Respondit
776 1905 842 1948 non
868 1905 903 1949 se
927 1887 1134 1948 arbitratum
1159 1904 1230 1948 esse
1255 1887 1329 1965 ejus
1354 1886 1482 1949 familie
1505 1889 1703 1958 temerarios

561 1988 752 2051 desertores
765 1989 903 2064 justitie,
917 1989 1084 2050 violentos
1095 1989 1353 2068 impugnatores
1364 1989 1511 2063 ecclesie,
1523 1990 1704 2053 violatores

516 2114 534 2150 o
562 2088 655 2169 pacis
673 2107 691 2149 a
712 2108 746 2150 se
766 2090 950 2151 constitute
975 2100 1010 2150 et
1030 2108 1090 2151 sua
1106 2089 1460 2151 excommunicatione
1478 2088 1625 2163 firmate,
1644 2108 1703 2152 ncc

561 2205 597 2252 ee
611 2189 689 2251 illos
704 2192 797 2263 tales,
817 2199 853 2251 ut
869 2190 932 2250 sibi
945 2190 1152 2268 imputabat,
1166 2200 1293 2250 temere
1305 2190 1630 2262 excommunicasse,
1644 2195 1700 2252 sed

562 2290 636 2367 eius
666 2291 1056 2352 excommunicationem
1090 2308 1153 2369 pro
1186 2307 1266 2369 pace
1298 2288 1440 2352 infracta
1469 2290 1699 2353 confirmasse.

562 2391 751 2453 Silentibus
774 2393 956 2453 abbatibus
980 2400 1014 2453 et
1039 2392 1298 2463 archidiaconis,
1321 2400 1354 2453 et
1375 2393 1608 2454 annuentibus
1628 2394 1703 2471 ejus

563 2493 755 2555 rationabili
770 2494 991 2571 responsioni,
1006 2494 1047 2553 ad
1061 2490 1211 2553 lavarem
1226 2491 1600 2553 Otbertiobstrterunt'
1613 2494 1699 2567 laici,

518 2616 532 2668 ς
562 2595 752 2675 judicantes
769 2594 948 2655 Wiredum
971 2613 1010 2655 ex
1032 2595 1095 2654 hoc
1113 2595 1255 2654 omnino
1274 2594 1492 2672 culpabilem,
1513 2603 1546 2654 et
1565 2592 1640 2655 ideo
1661 2615 1701 2657 ex

562 2699 625 2759 hoc
645 2696 828 2757 incurrisse
847 2695 1009 2756 ollensam
1030 2694 1269 2773 episcopalem.
1293 2698 1334 2757 At
1358 2694 1562 2757 [ambertus
1582 2698 1702 2758 sedens

562 2814 644 2859 cum
658 2795 903 2857 archidiaconis
921 2810 928 2854 :
947 2795 1128 2868 Quomodo,
1146 2794 1270 2874 inquit,
1287 2795 1341 2854 tric
1356 2795 1451 2854 lindie
1466 2798 1563 2855 viluit
1577 2794 1701 2874 [aucto-

561 2896 658 2975 ritas]
671 2898 879 2956 ecclesiastice
893 2903 922 2955 et
937 2902 1036 2957 vestre
1050 2898 1239 2974 dignitatis,
1256 2896 1336 2955 dnm
1351 2895 1410 2955 troc
1427 2895 1591 2971 judicium
1614 2899 1701 2976 quod

562 2999 802 3059 rationabiliter
816 3003 886 3057 erat
902 2998 1096 3056 censendum
1112 3016 1132 3055 a
1148 2997 1246 3068 vobis,
1264 3002 1331 3056 tam
1347 2998 1625 3058 irrationabiliter
1627 2997 1699 3076 jam

516 3123 536 3160 ο
563 3101 770 3180 precipitavit
796 3102 957 3160 temeritas
978 3101 1123 3170 laicalis‚·
1146 3118 1200 3159 nec
1225 3118 1316 3160 nosse
1344 3099 1476 3159 debeant
1502 3101 1591 3165 tsiet.
1620 3103 1703 3179 qnid

561 3201 686 3276 faciant
707 3200 827 3259 clerici.
846 3201 1018 3259 Continuo
1033 3199 1294 3278 indignantibus
1309 3200 1566 3271 archidiaconis,
1584 3201 1701 3260 adver-

560 3319 619 3362 sus
640 3301 741 3361 laicos
759 3299 931 3361 contentio
950 3300 1110 3370 surrexit,
1134 3299 1330 3378 veritusque
1350 3300 1516 3359 Otbertus
1538 3311 1701 3361 eventum

559 3403 798 3472 contentionis,
829 3401 1012 3461 sessionem
1047 3401 1205 3469 mutavit,
1236 3399 1382 3459 evocatis
1410 3402 1630 3462 solummodo
1660 3402 1700 3461 ad

561 3502 811 3563 consulendum
831 3503 1057 3562 assessoribus
1078 3501 1273 3561 ecclesiatici
1295 3500 1436 3560 ordinis.
1460 3501 1549 3561 Dixit
1565 3519 1702 3581 quoque

519 3628 531 3677 5
562 3603 713 3676 Wired0,
739 3613 776 3664 ut
799 3604 832 3664 in
856 3604 967 3681 majus
992 3603 1157 3681 palatium
1185 3620 1264 3664 cum
1291 3603 1361 3662 suis
1385 3605 1568 3672 secederet,
1596 3603 1702 3663 donec

561 3705 751 3764 consultius
776 3720 914 3763 causam
939 3702 1011 3779 ejus
1036 3701 1209 3763 diffiniret.
1230 3702 1318 3763 lnter
1333 3703 1597 3772 consulendum,
1621 3721 1700 3764 cum

560 3801 687 3864 diceret
712 3803 877 3864 Otbertus
900 3802 1091 3874 Wiredum,
1121 3813 1237 3880 utpote
1263 3802 1308 3862 sic
1333 3803 1396 3863 sibi
1421 3802 1641 3875 iniuriosum,
1668 3821 1703 3865 se

562 3901 647 3962 velle
673 3904 854 3981 deponere,
877 3902 1001 3962 allodia
1029 3919 1108 3962 vero
1130 3901 1268 3962 ecclesie
1296 3900 1379 3963 Braz
1401 3912 1434 3962 et
1456 3902 1703 3982 Gruispontem

563 4014 672 4066 castro
700 4002 916 4064 llirvoldensi
942 4000 1161 4080 stipendiaria
1188 4001 1306 4073 tacere,
1338 4003 1462 4064 restitit
1493 4003 1704 4086 Bercngerus

516 4131 537 4164 ,ο
563 4104 847 4172 constantissime,
869 4120 1021 4164 asserens
1042 4119 1099 4162 nec
1117 4102 1295 4163 Wiredum
1316 4103 1463 4182 dignum
1479 4105 1702 4183 depositione,

564 4222 625 4266 nec
643 4205 900 4266 convellendam
932 4203 1065 4263 llcnrici
1101 4201 1270 4282 pontilicis
1306 4203 1450 4283 legalem
1481 4206 1702 4266 donationem

563 4305 699 4383 publico
720 4318 753 4365 et
774 4305 909 4385 signato
929 4304 1109 4384 privilegio
1127 4302 1367 4365 confirmatam
1387 4306 1535 4367 ecclesie.
1554 4304 1704 4381 Quibus·

595 4520 620 4552 a.
641 4504 819 4572 privilegelio
831 4506 867 4554 Α.
883 4533 913 4543 -
925 4503 947 4554 i.
963 4504 1042 4554 Dans
1055 4507 1090 4561 Α,
1104 4522 1137 4554 an
1150 4504 1183 4554 lit
1193 4507 1355 4567 astiterunt,
1365 4509 1467 4571 comgt
1477 4523 1509 4555 eu
1519 4506 1702 4560 obstiterunt.

598 4836 605 4863 ¹
625 4827 666 4881 Ls
683 4831 779 4882 charte
797 4831 832 4882 de
850 4831 985 4882 donation
1003 4847 1053 4899 par
1074 4831 1165 4884 Henri
1182 4832 1218 4884 de
1235 4832 1363 4894 Vertlun,
1382 4833 1418 4885 de
1437 4831 1507 4884 Bru
1518 4843 1546 4885 et
1559 4831 1702 4898 Grupont,

516 4923 535 4975 ts
563 4914 634 4967 dont
646 4915 691 4968 ila
703 4917 748 4968 e'te
761 4918 891 4983 question
904 4917 1049 4980 ci-dessus‚
1062 4933 1090 4985 p.
1107 4932 1165 4983 107,
1178 4933 1207 4971 a.
1225 4933 1248 4970 r.
