4450 6125
862 869 1016 954 Sancti
1046 873 1258 957 Huberti.
1577 877 1628 988 95

490 1173 708 1227 conventus·
732 1184 767 1229 se
794 1168 876 1231 satis
901 1169 1055 1233 hilariter
1080 1173 1301 1252 presentavit,
1327 1172 1445 1236 dicens
1469 1173 1532 1235 sibi
1560 1193 1631 1236 esse
1681 1181 1753 1248 1076.

491 1266 598 1341 cordi,
627 1277 664 1329 ut
692 1268 844 1351 aliquam
877 1274 1024 1352 gratiam
1055 1274 1104 1336 eis
1138 1275 1345 1357 relinqueret
1374 1273 1479 1355 hujus
1505 1276 1547 1336 ad
1575 1292 1632 1336 eos

490 1365 660 1431 adventus
675 1370 740 1432 sui.
758 1371 855 1434 Tunc
870 1391 909 1434 ex
932 1375 1090 1437 consultu
1113 1375 1289 1438 communi
1309 1375 1525 1457 abepiscopo
1543 1375 1631 1437 Hen-

492 1467 561 1531 rico
576 1470 680 1533 abbas
693 1474 846 1553 expetiit,
861 1486 899 1537 ut
913 1476 987 1554 ejus
999 1483 1185 1539 consensu¹
1201 1478 1271 1539 duo
1286 1478 1413 1540 dicaret
1429 1478 1498 1539 Deo
1511 1476 1633 1538 altaria

447 1586 461 1638 5
491 1587 560 1633 ase
580 1584 776 1638 constructa
791 1577 934 1638 noviter.
953 1578 1051 1655 Quod
1072 1578 1233 1660 episcopo
1252 1580 1467 1647 concedente,
1484 1579 1633 1639 domnus

492 1670 723 1737 Herimannus
739 1676 772 1737 in
789 1676 869 1740 feria
889 1689 982 1740 sexta
997 1681 1160 1758 paschali,
1178 1699 1244 1762 que
1262 1680 1449 1741 obvenerat
1464 1679 1497 1741 in
1516 1679 1631 1740 kalen·
1656 1672 1781 1723 ¹⁸⁸²Vfss·

488 1770 541 1833 dis
561 1774 700 1854 Aprilis,
723 1777 892 1841 dedicavit
912 1782 1102 1843 oratorium
1132 1800 1253 1856 unum,
1275 1783 1365 1863 quod
1394 1782 1518 1844 dicitur
1545 1805 1561 1838 ι(
1589 1782 1631 1842 ad

488 1881 635 1935 sanctam
649 1877 858 1951 jherusalem
877 1908 902 1953 υ,
921 1882 1066 1963 eoquod
1083 1884 1125 1943 ad
1144 1884 1288 1944 modum
1303 1883 1468 1944 dominici
1483 1882 1630 1962 sepulcri

487 1976 676 2052 conditum,
699 1983 814 2059 ipsum
835 2001 972 2064 quoque
989 1983 1061 2063 ejus
1081 1983 1213 2047 formal
1229 1995 1437 2063 representet
1456 1983 1628 2046 devotioni

428 2095 461 2133 ιο
489 2075 643 2140 fidelium
660 2081 682 2153 ²,
698 2081 733 2142 in
754 2084 909 2163 sequenti
932 2085 1073 2148 sabbato
1092 2086 1198 2159 aliud,
1215 2086 1307 2167 quod
1323 2097 1395 2147 erat
1411 2086 1537 2165 duplex
1555 2076 1577 2159 ³,
1595 2084 1628 2145 in
1660 2098 1673 2135 ²
1688 2087 1770 2139 avril.

486 2180 652 2260 superiori
675 2182 852 2246 continens
876 2186 1081 2247 memoriam
1104 2188 1191 2248 beati
1210 2185 1365 2248 Nicbolai
1381 2187 1404 2258 ⁴,
1421 2186 1456 2246 in
1476 2184 1627 2247 inferiori

486 2298 567 2342 vero
583 2282 669 2345 beati
684 2285 816 2346 Andree
831 2286 987 2367 apostoli,
1001 2289 1093 2368 quod
1107 2289 1148 2351 ad
1168 2289 1230 2348 hoc
1245 2286 1394 2348 maxime
1408 2285 1628 2348 edificaverat

483 2381 568 2445 olim
593 2385 708 2459 abbas,
737 2398 775 2449 ut
799 2386 847 2449 ibi
873 2388 1052 2467 specialius
1081 2398 1242 2469 ageretur
1270 2386 1418 2449 fratrum
1449 2388 1625 2462 memoria,

483 2503 635 2566 quorum
649 2504 790 2567 corpora
807 2489 936 2551 ibidem
951 2489 1062 2568 jacent
1078 2490 1242 2551 translata
1262 2490 1305 2550 ab
1323 2487 1443 2549 ellosso
1457 2485 1627 2549 cimiterio

424 2602 453 2654 ¹5
485 2604 547 2666 pro
567 2589 675 2668 cripta
696 2590 895 2669 amplianda
910 2581 932 2651 ⁵.
957 2590 1025 2666 Qui
1046 2591 1132 2651 dum
1155 2591 1283 2670 paratis
1304 2588 1403 2649 donis
1426 2587 1624 2666 episcopum

483 2687 609 2750 vellet‘
630 2692 797 2752 honorare
813 2709 876 2772 pro
896 2694 957 2753 hac
976 2691 1086 2771 gratia
1106 2691 1262 2770 impensa
1281 2689 1430 2761 ecclesie,
1446 2687 1625 2768 episcopus

482 2805 550 2851 non
578 2792 691 2853 solum
721 2810 788 2854 non
819 2792 989 2874 acquievit
1017 2793 1205 2873 quicquam
1237 2791 1315 2852 inde
1342 2790 1493 2870 accipere
1509 2788 1535 2861 ὅ,
1566 2790 1623 2850 sed

480 2904 617 2955 econtra
640 2893 790 2955 casulam
818 2911 916 2955 suam
943 2891 1175 2973 pontificalem
1201 2909 1280 2954 cum
1308 2890 1393 2953 stola
1416 2900 1450 2953 et
1473 2890 1620 2959 baltheo.

480 2993 617 3056 duobus
636 3012 774 3077 quoque
797 2994 1011 3056 candelabris
1036 3002 1070 3054 et
1093 3012 1163 3055 uno
1186 2993 1290 3073 pallio
1315 2992 1440 3073 optulit
1466 2991 1624 3052 habenda

415 3110 453 3148 ιο
482 3095 759 3159 beatuliuberto.
1312 3087 1317 3097 ¹

510 3319 536 3354 a.
555 3303 707 3353 conventui
720 3310 777 3351 tous
788 3301 824 3351 les
837 3304 999 3351 errantescrr'ts
1011 3310 1035 3351 et
1047 3309 1128 3351 tautes
1144 3302 1180 3351 les
1197 3302 1325 3355 editions,-
1336 3304 1366 3363 je
1382 3304 1484 3365 corrige
1499 3305 1514 3349 a
1532 3304 1621 3350 raison

476 3389 585 3440 clarens
600 3406 631 3438 en
649 3399 815 3448 conventus,
830 3388 934 3454 genitis
945 3389 1091 3455 dlpendant
1107 3390 1138 3438 de
1155 3391 1287 3440 crastino.
1306 3417 1337 3424 -
1358 3387 1371 3436 b
1402 3388 1480 3437 Dans
1500 3389 1537 3441 sl,
1562 3389 1620 3454 ipsa

476 3492 590 3543 quoque
602 3476 663 3541 ejus
675 3474 777 3534 forma:
786 3478 815 3537 je
825 3477 926 3541 corrige
937 3479 953 3524 a
965 3477 1054 3525 raison
1068 3476 1103 3525 clu
1117 3492 1183 3526 sens.
1204 3504 1235 3512 -
1252 3493 1275 3526 c,
1296 3475 1374 3524 Dans
1388 3477 1424 3528 Α,
1440 3474 1577 3524 ‹ru-dcsrus
1590 3475 1620 3522 le

479 3561 575 3624 vellet,
596 3578 633 3613 on
657 3562 689 3612 lit
712 3562 755 3611 vel
778 3561 958 3612 decrevisset.
979 3589 1009 3596 -
1033 3561 1058 3611 d.
1082 3561 1162 3610 Dans
1180 3561 1216 3612 Α.
1238 3561 1387 3627 quicquam
1406 3561 1533 3624 accipere
1556 3559 1620 3608 inde

414 3651 449 3701 ²5
477 3651 622 3716 cerriglen
640 3665 667 3716 q.
684 3650 701 3698 i.
715 3664 741 3699 a.

511 3983 517 4010 ¹
539 3975 576 4026 La
594 3976 787 4027 consecration
801 3975 849 4026 des
863 3973 982 4040 temples
994 3983 1022 4024 et
1035 3974 1084 4023 des
1096 3973 1187 4025 auleis
1199 3984 1240 4023 est
1255 3988 1311 4023 une
1322 3973 1372 4023 des
1383 3972 1567 4023 attributions
1585 3972 1619 4021 de

474 4062 658 4121 l'Ordinaire;
679 4063 704 4113 la
721 4062 880 4130 delegatron
899 4061 1019 4112 d’lienri
1038 4061 1073 4112 de
1091 4061 1207 4113 Verdun
1225 4065 1240 4110 a
1261 4060 1386 4111 Hcrman
1404 4060 1439 4110 de
1460 4058 1534 4110 lletz
1553 4060 1620 4109 etait

476 4167 525 4219 par
537 4151 711 4219 consequent
725 4149 943 4217 indispensable.

510 4238 607 4306 ¹v0y.
630 4238 776 4299 ci·dessus,
798 4255 825 4304 p.
850 4252 882 4302 5ο
903 4253 908 4289 :
933 4254 1029 4286 rravrcm
1052 4239 1199 4286 oratorium
1220 4238 1349 4288 retruxit,
1374 4235 1442 4300 quod
1462 4235 1562 4283 dicitur
1585 4236 1621 4283 al

413 4336 449 4385 30
475 4334 594 4376 sanctam
609 4325 793 4390 Jlrerusalcm,
811 4342 839 4375 ea
854 4325 922 4392 qual
936 4325 1065 4374 larerinr'ce
1080 4323 1214 4390 sepulture
1229 4331 1252 4371 et
1268 4324 1469 4371 resurrectionis
1486 4323 1619 4370 contineat

473 4429 623 4475 expressam
636 4413 851 4464 sirnilitulinerrt.

507 4505 518 4544 ³
536 4498 594 4551 Cl'r.
608 4499 776 4561 Mummios,
790 4499 833 4549 De
843 4498 955 4563 liturgia
966 4497 1111 4563 gallicana,
1125 4497 1173 4548 lib.
1187 4496 1208 4558 l,
1222 4512 1246 4546 c.
1258 4495 1335 4554 Vlll,
1347 4495 1362 4545 6
1373 4512 1379 4546 :
1391 4495 1476 4544 multa
1488 4494 1618 4557 ejusmodi

471 4586 571 4639 altaria
582 4589 651 4639 edita
663 4596 687 4637 et
698 4604 778 4654 super
789 4594 893 4653 cryptas
905 4585 989 4635 locata
1001 4593 1144 4651 supersunt
1156 4586 1183 4633 in
1196 4582 1310 4633 ecclesiis
1326 4581 1484 4632 Gallicanis.

507 4674 575 4727 ⁴Le
595 4675 671 4726 culte
691 4675 726 4725 de
747 4676 819 4725 saint
841 4672 954 4724 Nicolas
975 4672 1038 4723 s'est
1061 4671 1197 4738 perpetue
1218 4672 1286 4720 dans
1307 4669 1413 4736 l'eglise
1435 4667 1555 4719 actuelle
1577 4669 1612 4719 de

412 4774 445 4827 35
473 4762 685 4817 Salat-Hubert.

507 4859 517 4896 ⁵
536 4852 590 4903 Sur
601 4868 647 4903 ces
660 4861 786 4909 travaux,
802 4865 865 4915 roy.
880 4849 905 4898 la
920 4848 1080 4915 chronique,
1095 4847 1241 4907 cidessus,
1255 4860 1279 4896 c.
1296 4842 1614 4911 19(27),particulieru·

473 4950 589 5006 mentp.
605 4953 646 5004 50.
