4450 6125
559 859 634 961 154
757 860 1068 941 Gustatorium
1098 866 1190 942 siue
1225 860 1476 942 Chronieon

548 1156 1694 1239 sem⁰episcopum,civibus⁶religiosioribusconsentientibus,pro

548 1259 644 1320 eoin
667 1258 746 1319 sede
768 1254 954 1336 apostolico
975 1256 1240 1330 substituerunt,
1256 1273 1360 1336 quern
1382 1254 1467 1317 olim
1484 1255 1693 1318 Remensem

547 1358 712 1420 clericum
745 1369 779 1421 et
815 1366 930 1438 postea
966 1357 1225 1420 cluniacensem
1262 1357 1471 1418 monachum
1508 1356 1693 1418 Urbanum

548 1475 674 1537 papam
688 1459 817 1521 censeri
834 1459 1075 1536 iudicaverunt
1091 1458 1113 1520 ¹.
1132 1455 1187 1518 Sic
1205 1455 1395 1519 sacerdotio
1411 1466 1445 1518 et
1465 1473 1572 1538 regno
1590 1455 1693 1519 dissi·

547 1560 661 1634 dente,
677 1558 755 1621 licet
769 1559 974 1641 generaliter
989 1560 1025 1620 in
1040 1559 1173 1620 mundo
1190 1566 1307 1619 sancta
1326 1555 1464 1618 ecclesia
1480 1555 1691 1636 periclitare-

548 1671 617 1735 tur,
643 1660 823 1739 specialius
848 1672 963 1722 tamen
991 1659 1137 1721 ilenrico
1164 1657 1343 1720 insistente
1369 1659 1570 1732 vexabatur,
1602 1657 1692 1720 dum

547 1759 722 1838 pontifices
739 1761 925 1841 postposita
940 1760 1071 1840 justitia
1086 1758 1150 1821 sibi
1165 1757 1317 1821 taventes
1331 1759 1383 1820 vel
1399 1758 1536 1820 Urbano
1549 1759 1691 1821 subtra-

545 1860 642 1922 heret
656 1861 709 1922 vel
731 1862 896 1925 Guiberto
917 1863 1107 1924 attraheret
1120 1872 1132 1899 ‘
1146 1860 1168 1922 ⁸.
1187 1859 1260 1923 Sub
1278 1859 1337 1922 tali
1352 1859 1562 1921 dissentione
1582 1859 1691 1922 ecele-

545 1961 676 2024 siastica
688 1961 1153 2044 languentejustitia,preter
1164 1971 1275 2024 cetera
1286 1960 1459 2023 virtutum
1471 1959 1688 2040 dispendia‘,

543 2062 729 2126 simoniaca
745 2065 873 2126 heresis
885 2065 1011 2144 passim
1025 2064 1230 2137 invaluerat,
1243 2061 1435 2124 dummodo
1449 2078 1536 2143 quos
1551 2079 1690 2125 exeom—
1719 2075 1728 2111 ¹

544 2165 741 2227 municabat
756 2166 915 2227 Urbanus
930 2164 1118 2227 Guibertus
1131 2164 1333 2240 absolveret,
1349 2171 1383 2225 et
1399 2162 1555 2226 Guiberti
1572 2164 1689 2226 deser·

541 2276 632 2328 tores
655 2265 815 2328 Urbanus
835 2265 1019 2347 colligeret.
1045 2266 1177 2327 Interea
1196 2265 1310 2327 adhuc
1332 2264 1516 2343 superstite
1539 2265 1688 2329 ilenrico

541 2364 709 2444 pontifice,
728 2365 894 2429 Otbertus
909 2366 1112 2428 morabatur
1126 2382 1206 2428 cum
1225 2364 1391 2444 principe,
1407 2375 1442 2427 et
1463 2365 1689 2428 honoratim‘

540 2483 656 2528 seeum
669 2467 792 2530 delatis
808 2466 1023 2541 muneribus
1040 2481 1145 2546 prout
1159 2475 1305 2546 poterat,
1323 2465 1497 2528 ambiebat
1511 2466 1688 2548 obsequiis

538 2576 573 2630 et
587 2566 772 2640 favoribus,
790 2567 936 2648 alicujus
951 2567 1091 2629 honoris
1106 2566 1150 2628 ab
1164 2584 1205 2628 eo
1217 2565 1436 2628 abstrahendi
1451 2565 1633 2632 obtentus.
1717 2578 1732 2626 1¹

582 2811 641 2870 69.
665 2804 744 2884 (81.)
766 2809 865 2868 Anno
879 2814 996 2868 autem
1008 2804 1110 2866 Verbi
1126 2804 1295 2866 lucarnati
1315 2821 1402 2885 1091,
1420 2821 1480 2866 sue
1496 2821 1579 2867 vero
1592 2805 1687 2866 ordi-

542 2908 688 2971 nationis
703 2908 750 2983 16,
764 2908 913 2969 domnus
929 2908 1095 2969 Henricus
1106 2905 1284 2969 hominem
1294 2906 1389 2968 exuit
1401 2896 1424 2980 ³,
1437 2906 1473 2967 in
1488 2906 1688 2987 dampnum

573 3165 599 3197 a.
619 3147 789 3199 hostiensem
804 3147 853 3202 A„
866 3173 898 3181 -
916 3143 939 3194 l.
958 3143 1073 3195 curibus
1085 3142 1135 3200 A„
1148 3170 1181 3181 -
1198 3159 1222 3194 c.
1236 3142 1316 3193 Dans
1329 3143 1378 3200 A„
1394 3159 1426 3192 on
1439 3142 1471 3192 lit
1483 3142 1688 3196 subtraherent

540 3251 567 3288 v.
581 3233 617 3286 G.
630 3234 814 3285 attraherent.
829 3260 861 3269 -
879 3231 903 3280 d.
923 3229 1114 3287 DansA1,‹m
1131 3228 1165 3279 lit
1181 3228 1337 3294 dispendia,
1350 3244 1420 3281 corr.
1432 3244 1464 3278 en
1476 3228 1639 3295 dispendio.
1654 3257 1688 3270 -

539 3340 560 3371 e.
581 3322 749 3371 honoratum
764 3319 813 3376 Α,
826 3347 858 3355 -
870 3319 897 3383 s.
912 3316 1036 3368 obtentis
1049 3316 1087 3372 Α,
1100 3323 1125 3365 rt
1137 3316 1187 3371 Α,
1716 3330 1733 3367 s

573 3702 580 3727 ¹
601 3692 642 3745 Le
658 3708 821 3745 successeur
836 3692 981 3744 immediat
997 3693 1032 3743 de
1050 3691 1189 3759 (iregoire
1201 3689 1255 3742 VlI
1273 3689 1314 3741 iut
1332 3689 1439 3751 Didier,
1452 3688 1524 3741 abbe
1536 3687 1575 3740 du
1590 3687 1688 3742 Mont-

538 3779 646 3842 Cassin,
659 3782 707 3846 qui
721 3781 777 3846 prit
789 3780 816 3830 le
828 3795 894 3831 nom
907 3780 942 3831 de
955 3779 1054 3830 Victor
1067 3778 1107 3829 lll
1122 3777 1307 3844 (rossroty).
1324 3775 1419 3837 Odon,
1437 3776 1547 3843 eveque
1561 3773 1685 3838 d'Ostie,

539 3882 574 3916 ne
587 3865 628 3916 lut
640 3866 686 3917 elu
698 3865 781 3932 qu’en
798 3867 870 3916 1088.

573 3960 582 3985 ¹
600 3951 777 4016 Remarquer
788 3967 843 4019 que
856 3952 883 4002 le
895 3952 967 4017 sujet
979 3961 1022 4003 est
1036 3951 1184 4002 Henricus.
1204 3951 1245 4003 Le
1262 3966 1327 4003 sens
1343 3959 1386 4001 est
1403 3948 1583 4001 absolument
1595 3949 1684 4002 sutis-

539 4035 648 4089 laisant.
671 4038 716 4089 Au
742 4036 797 4088 lieu
819 4052 874 4104 que
895 4037 920 4087 la
941 4035 1022 4100 leton
1044 4036 1237 4093 subtraherent,
1261 4035 1426 4087 attraherent
1444 4034 1494 4086 des
1513 4033 1616 4086 MGH.
1638 4045 1684 4088 est
1711 4040 1733 4091 ²!

538 4125 822 4193 incomprehensible.

570 4220 580 4256 1
599 4212 655 4265 Sur
670 4212 778 4264 l'annee
794 4212 829 4264 de
845 4211 872 4263 la
889 4223 963 4264 mort
979 4210 1100 4262 d'Henri
1117 4211 1152 4262 de
1169 4210 1294 4271 Verdun,
1318 4224 1390 4276 1091,
1408 4209 1434 4260 Ie
1450 4208 1632 4278 temoignuge
1649 4209 1686 4261 de

537 4310 619 4352 notre
631 4300 782 4368 Chronique
790 4310 832 4351 est
845 4297 981 4352 confirmi
994 4315 1044 4366 par
1055 4297 1220 4350 differentes
1230 4311 1361 4350 sources:
1376 4304 1401 4347 1⁰
1412 4294 1523 4347 Gtuss
1534 4292 1684 4357 n'ORm,

540 4386 617 4438 Gesta
636 4390 814 4455 episcoporum
837 4386 1033 4441 leodiensium,
1059 4384 1110 4445 111,
1134 4398 1174 4448 13,
1196 4383 1311 4440 ΜΘΗ,
1334 4381 1397 4438 SS„
1421 4390 1441 4433 t.
1461 4380 1551 4442 XXV,
1573 4396 1603 4448 p.
1621 4395 1684 4448 90:

533 4475 622 4540 pridie
638 4473 691 4525 tat.
707 4472 792 4536 Junii
810 4473 951 4539 defunctus
967 4480 1004 4522 est
1019 4488 1091 4521 anno
1107 4471 1251 4522 Dominicc
1266 4471 1461 4522 incarnationis
1475 4482 1556 4531 1091,
1575 4469 1686 4521 ordtu-
1714 4477 1733 4528 3·

537 4561 615 4608 tionis
633 4576 691 4608 uero
708 4577 754 4609 sue
765 4577 841 4609 anuo
855 4563 899 4616 18,
915 4558 1083 4626 sepultusque
1098 4566 1136 4608 est
1154 4557 1223 4608 Hoii
1240 4559 1268 4607 in
1285 4557 1392 4608 ecclesia
1409 4554 1479 4606 beate
1494 4554 1588 4606 Mario
1597 4555 1686 4619 Juxta

535 4643 645 4694 chorum
663 4653 725 4694 onte
740 4645 825 4695 altare
841 4645 909 4695 beati
924 4644 1061 4709 johannis
1074 4645 1205 4710 Baptistc.
1218 4673 1251 4684 -
1270 4652 1298 4695 2⁰
1316 4644 1446 4695 Amne
1465 4653 1503 4692 1111
1520 4639 1686 4695 Tlomort·

537 4742 653 4790 miuus,
671 4747 746 4782 11111,
766 4734 823 4787 citt,
845 4730 960 4787 ΜΘΗ,
981 4729 1044 4786 SS„
1064 4740 1084 4780 1.
1103 4728 1210 4791 XXIII,
1229 4746 1256 4797 p.
1271 4732 1319 4781 802
1339 4744 1346 4779 ε
1366 4729 1449 4780 Anno
1465 4740 1545 4789 1⁰91·
1559 4754 1593 4767 -
1606 4755 1637 4766 -
1650 4755 1683 4766 —

538 4816 612 4865 Bone
623 4818 747 4866 memorie
759 4816 897 4866 Henricus
908 4816 1061 4867 Lcodz'ensis
1072 4817 1216 4882 episcopus,
1230 4823 1336 4867 amator
1341 4815 1420 4884 pacis
1432 4821 1458 4864 et
1468 4811 1617 4880 religionis,
1631 4811 1684 4864 otu

536 4910 560 4952 et
579 4900 637 4952 Hor'
653 4904 681 4951 in
699 4901 805 4952 ecclesia
823 4901 892 4952 beate
908 4902 1001 4953 Marir
1018 4910 1079 4951 111111
1095 4902 1182 4952 altare
1197 4904 1285 4952 sancti
1299 4900 1436 4966 ‚iohannis
1453 4899 1576 4966 Baptiste
1591 4905 1683 4949 11111111-
1710 4908 1733 4959 3!
