4450 6125
861 842 1016 929 Sancti
1045 848 1255 931 Huberli.
1559 848 1637 928 215

497 1147 637 1216 propter
668 1136 926 1204 insectationem
959 1142 1105 1217 Otberti,
1137 1161 1204 1224 que
1232 1152 1330 1206 tanto
1361 1142 1558 1205 immineret
1589 1144 1638 1206 eis

496 1230 662 1309 infestior,
680 1248 810 1318 quanto
826 1253 859 1303 et
873 1240 909 1302 in
926 1242 1096 1305 desolatos
1109 1242 1316 1305 effrenatior.

535 1428 594 1488 86.
619 1430 719 1506 (ιογ.)
749 1431 902 1493 Redditis
927 1450 1007 1494 vero
1034 1433 1156 1495 litteris
1177 1432 1376 1495 Theoderici
1402 1433 1436 1493 in
1458 1434 1635 1494 communi

493 1526 678 1598 audientia,
699 1546 780 1591 cum
798 1531 834 1592 in
852 1532 900 1593 eis
918 1544 1096 1596 notaretur
1115 1534 1166 1595 vel
1185 1534 1259 1612 ejus
1280 1544 1465 1613 spontanea
1487 1532 1635 1613 privatio

450 1655 463 1707 5
493 1626 545 1685 vel
563 1626 744 1709 Berengeri
759 1630 914 1712 eligenda
932 1634 1087 1713 prelatio,
1102 1642 1141 1695 ut
1157 1632 1194 1696 fit
1209 1634 1244 1695 in
1262 1634 1428 1695 novandis
1443 1634 1557 1703 rebus,
1571 1650 1634 1712 pro

491 1742 555 1787 suo
576 1729 723 1809 quisque
749 1732 811 1793 niti
837 1733 925 1811 cepit
950 1735 1099 1815 ingenio,
1123 1747 1197 1796 orta
1219 1734 1308 1795 inter
1330 1752 1387 1794 eos
1408 1732 1630 1804 dissensione,

491 1825 741 1892 Theodericum
757 1832 898 1913 quidem
917 1836 1118 1897 commissos
1136 1835 1199 1897 sibi
1219 1835 1411 1897 inordinate
1426 1834 1629 1907 deseruisse,

487 1926 530 1987 ad
558 1928 730 1992 abbatiam
760 1949 841 1994 vero
869 1933 1057 2015 regendam
1087 1935 1203 2014 plures
1232 1935 1322 2014 apud
1353 1953 1410 1996 eos
1440 1951 1629 2013 superesse,

489 2026 681 2109 Berengero
708 2049 807 2094 suam
837 2033 885 2095 illi
915 2033 1082 2107 sufficere,
1109 2053 1207 2115 posse
1238 2035 1333 2096 nullo
1363 2036 1466 2096 modo
1494 2051 1529 2096 se
1558 2033 1629 2114 pati

431 2158 459 2196 ιο
485 2146 568 2190 eum
598 2131 662 2193 sibi
693 2151 837 2213 preesse.
872 2134 1057 2197 lndiffinito
1089 2154 1171 2196 vero
1200 2136 1342 2198 consilio
1370 2135 1405 2198 in
1434 2146 1505 2197 tam
1535 2137 1629 2196 vario

485 2230 655 2305 dissensu,
682 2252 750 2295 non
778 2235 888 2297 multo
914 2249 990 2316 post
1015 2236 1145 2298 reddite
1172 2248 1253 2299 sunt
1283 2236 1394 2298 littere
1424 2236 1627 2316 Berengem.

486 2332 588 2395 misse
611 2334 658 2395 illi
682 2353 701 2396 a
724 2335 944 2399 Theoderico.
971 2337 1006 2398 ln
1024 2337 1152 2419 quibus
1168 2356 1248 2399 cum
1263 2355 1298 2398 se
1314 2337 1449 2419 legisset
1463 2337 1625 2406 electum,

485 2442 519 2495 et
544 2434 646 2497 sciret
668 2436 736 2513 jam
759 2455 778 2499 a
800 2435 963 2500 fratribus
985 2438 1177 2518 repulsum,
1201 2439 1382 2519 paululum
1408 2437 1590 2499 subridens
1617 2457 1623 2497 :

484 2533 577 2607 Colo,
605 2536 729 2617 inquit,
760 2538 930 2607 Uticensis.
953 2540 1005 2601 die
1029 2558 1095 2619 qun
1121 2558 1238 2615 possus
1262 2546 1308 2600 est
1334 2539 1511 2614 repulsam,
1534 2539 1624 2609 risit,

424 2661 432 2697 ι
438 2662 451 2710 5
480 2644 512 2713 ct
527 2643 617 2697 nocte
632 2657 697 2717 qua
713 2647 864 2700 mortuus
879 2646 935 2710 est,
949 2642 1075 2719 legitur
1086 2641 1131 2700 ⁰¹.
1146 2641 1220 2716 Quc
1236 2640 1375 2721 quidem
1393 2638 1529 2719 repulsa
1546 2638 1625 2700 licet

480 2732 585 2797 altius
606 2755 712 2818 quam
733 2738 918 2821 quisquam
943 2753 1038 2802 ratus
1059 2749 1146 2802 esset
1162 2742 1197 2801 in
1212 2758 1269 2802 cor
1283 2739 1357 2815 ejus
1372 2737 1584 2802 descenderit
1599 2738 1621 2808 ²,

479 2853 543 2916 pro
565 2846 720 2917 tempore
740 2849 858 2900 tamen
880 2840 977 2919 quasi
1002 2841 1146 2921 benigne
1171 2841 1357 2919 respondit,
1374 2839 1455 2901 satis
1469 2839 1623 2901 consulte

479 2937 675 3018 repulsores
696 2956 775 3000 suos
795 2940 977 3011 censuisse,
1004 2958 1065 3002 sua
1090 2941 1155 3003 sibi
1180 2940 1348 3007 sufficere,
1375 2938 1561 3021 unicuique
1585 2939 1621 3000 in

478 3037 619 3099 ecclesia
648 3056 709 3100 sua
740 3038 901 3103 militanti
927 3040 1082 3102 debitum
1109 3042 1278 3103 honorem
1304 3049 1510 3122 competere,
1535 3038 1621 3100 scire

417 3165 452 3204 ιο
478 3155 515 3200 se
532 3139 687 3201 moribus
704 3157 825 3202 corum
849 3158 915 3203 non
938 3143 1131 3214 convenire,
1148 3153 1331 3223 quererent
1352 3142 1405 3202 cui
1430 3140 1492 3202 ilos
1512 3141 1620 3221 glorie

477 3257 548 3317 ram
585 3242 677 3321 apud
714 3260 772 3303 eos
803 3242 991 3304 decidentis
1023 3242 1206 3315 refloreret,
1241 3254 1275 3303 et
1308 3241 1427 3321 religio
1459 3238 1620 3300 deficiens

446 3354 448 3358 ·
476 3356 671 3424 resurgeret
693 3342 716 3403 ⁶.
752 3344 892 3405 Audiuit
921 3345 1048 3404 interea
1077 3343 1244 3404 Otbertus
1272 3359 1388 3402 rerum
1418 3340 1554 3412 seriem,
1584 3349 1618 3400 et

474 3446 624 3506 evocatis
642 3445 683 3505 ad
701 3463 736 3507 se
754 3446 795 3505 de
815 3445 1023 3505 monasterio
1040 3462 1127 3525 quos
1147 3453 1288 3504 noverat
1308 3441 1476 3514 meliores,
1497 3440 1616 3501 mirari

473 3561 509 3606 sc
524 3544 623 3615 dixit,
635 3563 698 3607 cur
711 3546 942 3625 Berengerum
958 3545 1198 3624 reppulissent,
1215 3561 1319 3624 quem
1334 3543 1370 3604 in
1385 3543 1617 3604 ecclesiasticis

414 3671 446 3723 ²5
476 3645 685 3708 utilitatibus
707 3647 821 3707 virum
844 3655 914 3706 tam
938 3644 1107 3707 valentem
1131 3646 1200 3720 jani
1225 3644 1378 3723 rapuisse
1404 3643 1613 3703 debuissent.

474 3745 604 3807 Eadem
636 3748 803 3808 sententia
836 3748 879 3808 de
918 3747 1106 3825 Berengero
1142 3746 1234 3825 apud
1270 3743 1408 3806 clericos
1441 3755 1474 3804 et
1510 3742 1614 3804 laicos

471 3850 714 3922 crebrescebat,
739 3861 772 3911 et
800 3848 973 3909 neminem
997 3847 1044 3908 rei
1067 3858 1100 3907 et
1126 3847 1273 3926 tempori
1301 3844 1473 3907 utiliorem
1500 3861 1613 3906 cense-

472 3949 566 4012 bant.
589 3950 665 4031 Jam
688 3951 792 4011 etiam
819 3946 939 4010 fratres
964 3958 1015 4009 tot
1040 3947 1286 4008 assertionibus
1307 3946 1452 4007 convicti
1473 3962 1613 4007 consen·

470 4062 587 4113 serant
609 4052 682 4130 ejus
703 4050 871 4121 electioni,
889 4067 969 4110 cum
991 4049 1047 4108 ille
1069 4048 1173 4108 semel
1196 4059 1357 4126 concepta
1379 4047 1613 4128 indignatione

410 4174 444 4225 ³0
471 4151 582 4230 prime
608 4151 812 4232 repulsionis
838 4150 941 4211 nullis
966 4149 1126 4228 precibus
1151 4147 1297 4218 Otberti,
1323 4149 1425 4209 nullis
1449 4146 1612 4208 acclama·

470 4253 623 4317 tionibus
663 4252 810 4314 fratrum
851 4250 902 4310 vel
943 4249 1024 4311 cleri
1063 4248 1191 4308 evaluit
1231 4248 1463 4327 procurationi
1498 4247 1611 4307 oblate

498 4451 526 4484 a.
544 4433 612 4501 legit
625 4434 662 4484 A.
675 4463 708 4471 -
726 4431 749 4485 d.
769 4447 917 4499 resurgens
929 4432 966 4482 A.

501 4727 509 4754 ¹
529 4718 601 4787 Voy.
618 4718 809 4781 perranum,
825 4719 891 4770 Colo
907 4720 1004 4778 nrinor,
1022 4732 1045 4767 c.
1063 4729 1102 4780 50.
1121 4713 1164 4766 (tl.
1179 4714 1372 4778 tl'sarusss,
1386 4713 1469 4766 Leaen
1487 4715 1529 4764 des
1544 4713 1609 4765 Ceto

465 4822 516 4855 oon
533 4805 622 4869 Utica,
637 4804 750 4866 Zdrich,
768 4809 838 4871 ¹⁸59·

408 4908 438 4960 35
502 4899 512 4926 ¹
531 4892 559 4943 E
570 4892 697 4943 Sallustii
706 4893 774 4959 Μ.
789 4909 811 4944 c.
827 4905 870 4946 11,
887 4890 962 4940 verda
974 4891 1097 4956 sumpsit.
1111 4887 1187 4941 Note
1198 4889 1234 4941 de
1246 4887 1349 4941 ΜΘΗ.
