4450 6125
545 862 618 914 112
747 830 1059 911 Cantatort‘um
1089 829 1183 904 sine
1217 821 1467 905 Chronicon

535 1142 571 1196 et
581 1134 702 1195 abbate
715 1129 957 1193 Theodericot.
974 1127 1097 1188 Locato
1108 1134 1226 1187 autem
1237 1122 1437 1185 consistorio
1448 1123 1484 1183 in
1496 1140 1575 1184 area
1588 1140 1683 1185 cam·

538 1233 655 1314 pestri,
672 1231 870 1312 ibidemque
885 1238 1004 1308 aperto
1017 1224 1242 1307 reliquiarum
1256 1223 1382 1285 scrinio
1393 1240 1510 1284 coram
1525 1221 1683 1305 trequen-

537 1335 583 1396 tia
601 1331 769 1413 populari,
786 1330 924 1390 iuventa
937 1335 1019 1389 sunt
1034 1327 1104 1386 duo
1118 1322 1242 1403 capita,
1260 1322 1417 1385 videlicet
1429 1321 1549 1401 prefati
1565 1319 1683 1385 fratris

536 1446 571 1497 et
584 1432 721 1504 sororis,
736 1447 816 1492 cum
831 1428 964 1490 ossibus
977 1423 1156 1487 dissimilis
1169 1421 1374 1504 quantitatis
1396 1443 1403 1480 ι
1427 1439 1508 1483 nam
1529 1422 1684 1504 quedam

537 1535 742 1595 videbantur
758 1529 865 1590 virilis
880 1526 1076 1596 eminentie,
1093 1524 1243 1607 quedam
1260 1520 1681 1587 habitudinislfeminee‘.
1723 1544 1730 1594 ε

538 1634 673 1711 Quibus
699 1632 742 1693 ab
770 1631 929 1710 episcopo
956 1623 1213 1689 lacrimabiliter
1238 1625 1401 1704 expositis
1422 1624 1464 1686 ad
1489 1624 1683 1689 videndum

536 1735 734 1813 iterumque
757 1739 952 1792 reverenter
974 1725 1143 1807 repositis,
1167 1725 1346 1787 celebratis
1370 1724 1474 1787 etiam
1495 1744 1537 1788 ex
1558 1744 1683 1789 eorum

537 1832 754 1896 veneratione
777 1829 965 1890 missarum
987 1825 1212 1905 sollempniis,
1230 1822 1359 1886 unciad
1378 1842 1447 1886 una
1468 1825 1569 1907 digiti
1593 1829 1683 1890 beati

539 1932 710 1996 Benedicti
734 1940 767 1992 et
788 1931 874 1990 dens
894 1929 1087 1989 abstractus
1107 1943 1149 1987 ex
1171 1925 1309 1987 maxilla
1325 1924 1508 1987 Scolastice
1523 1926 1681 2008 virginis,

537 2034 628 2095 dono
642 2031 811 2093 abbatisse
827 2030 908 2090 huic
922 2027 1059 2090 ecclesie
1075 2026 1233 2105 provenit
1244 2031 1266 2089 ¹.
1713 2052 1730 2087 u

577 2236 638 2294 45.
665 2228 745 2310 (57.)
770 2228 899 2290 lnterea
925 2226 1106 2308 episcopus
1129 2226 1307 2289 ecclesiam
1333 2226 1421 2289 beati
1450 2225 1595 2289 liuberti
1620 2225 1685 2290 fre·

537 2341 716 2412 quentare,
744 2328 908 2410 neglectis
935 2328 1075 2390 sedibus
1103 2326 1263 2407 episcopii
1294 2327 1466 2390 natalitias
1500 2328 1616 2391 curias
1652 2340 1687 2393 et

539 2431 713 2512 paschales
735 2429 950 2493 celebritates
971 2429 1100 2490 ibidem
1125 2427 1397 2508 sollempnizare,
1421 2428 1560 2492 ordines
1580 2430 1686 2493 eccle·

538 2531 690 2594 siasticos
717 2531 789 2593 suis
818 2529 1034 2609 temporibus
1062 2546 1164 2611 agere
1198 2537 1232 2590 et
1266 2527 1429 2591 fratribus
1462 2530 1535 2592 sine
1570 2532 1687 2614 aliqua

539 2650 683 2696 suorum
697 2630 937 2713 inquietudine
948 2628 1153 2691 familiarius
1164 2630 1373 2692 cohabitare.
1387 2629 1687 2713 Satagebatabbas
1717 2662 1725 2697 r

539 2734 667 2813 quibus
681 2741 815 2812 poterat
827 2730 1001 2813 obsequiis
1015 2748 1097 2792 eum
1110 2730 1335 2810 complacare,
1356 2742 1390 2793 et
1404 2733 1494 2794 inter
1509 2734 1686 2814 agendum

538 2833 688 2914 gratiam
700 2833 774 2911 ejus
785 2832 829 2893 de
843 2839 955 2893 castro
966 2830 1179 2910 dejiciend0¹
1194 2840 1437 2911 pretemptare.
1453 2833 1511 2894 sed
1525 2834 1688 2916 episcopo

539 2933 631 3016 quod
645 2934 827 3013 petebatur
843 2932 964 2994 callide
979 2933 1231 3006 dissimulante,
1255 2932 1357 2994 modo
1377 2952 1452 2996 rem
1473 2935 1515 2995 ad
1537 2935 1688 3014 optima-

542 3045 616 3096 tum
639 3050 784 3096 suorum
806 3032 987 3095 consilium
1010 3031 1224 3095 referendam
1247 3034 1485 3113 respondente,
1512 3052 1595 3097 cum
1617 3036 1687 3115 jam

573 3256 599 3289 a.
626 3238 770 3290 teoderico
791 3238 828 3290 A.
851 3266 882 3274 -
911 3236 934 3288 b.
959 3237 1040 3288 Dans
1060 3238 1098 3295 Α,
1124 3238 1328 3290 habitudininis
1351 3256 1421 3291 corr.
1440 3246 1493 3309 par
1512 3249 1634 3306 exponet.
1655 3258 1687 3293 eu
1716 3265 1731 3301 2.

542 3325 725 3377 habitudinis.
740 3354 770 3362 -
788 3342 812 3374 c.
832 3324 912 3375 Dans
923 3325 961 3385 A,
975 3323 1116 3384 semcnee;
1134 3323 1158 3374 le
1168 3324 1251 3375 scribe
1261 3343 1277 3374 a
1289 3328 1364 3388 terit,
1378 3327 1512 3377 audessus
1524 3327 1593 3378 dela
1605 3328 1687 3395 ligne,

540 3413 579 3463 in.
592 3441 624 3450 -
643 3412 669 3463 d.
689 3410 769 3461 Dans
786 3412 823 3473 A,
844 3413 925 3462 uncia
943 3427 1012 3462 corr.
1030 3416 1083 3478 par
1101 3427 1153 3460 une
1170 3414 1245 3461 neuin
1261 3415 1422 3479 posttrieure
1441 3430 1472 3463 en
1492 3413 1637 3480 iunctura.
1656 3444 1688 3454 -

539 3516 561 3551 e.
580 3497 726 3550 deitiendo
739 3498 776 3549 A.

542 3827 700 3873 invenerunt
712 3825 740 3872 in
753 3825 853 3874 scrinio
869 3825 1021 3874 sanctuarii
1037 3832 1118 3890 caput
1130 3824 1271 3874 Scolasticc
1288 3826 1402 3891 virginis
1418 3841 1481 3874 cum
1495 3829 1574 3893 parte
1591 3829 1688 3894 capitis

539 3912 627 3958 sancti
640 3910 793 3965 Benedicti:
804 3917 878 3960 cette
889 3912 1020 3962 derniere
1031 3911 1200 3979 divergencc
1212 3919 1255 3961 est
1266 3914 1282 3961 a
1295 3926 1467 3977 remarquer.
1716 3928 1729 3964 ι

574 3994 621 4046 On
645 3996 748 4046 vendre
771 3996 950 4062 aujourd'hui
974 4012 1077 4048 encore
1099 4000 1115 4047 a
1138 3996 1263 4065 juvigny
1286 3997 1336 4048 des
1360 3997 1483 4065 reliques
1505 3998 1689 4052 considerent

541 4095 651 4131 comme
667 4080 753 4132 celles
769 4082 805 4132 de
817 4083 907 4132 sainte
920 4081 1129 4150 Scholastique;
1143 4098 1180 4135 on
1193 4099 1229 4134 en
1243 4093 1376 4135 trouvera
1389 4083 1620 4146 l'enumeration,
1632 4100 1690 4138 aux

541 4176 645 4218 termes
663 4168 712 4218 des
731 4168 966 4234 proces-verbaux
982 4169 1092 4220 dresses
1109 4170 1136 4221 le
1156 4169 1184 4220 16
1204 4169 1354 4221 decembre
1377 4170 1439 4231 1642
1456 4180 1485 4221 et
1498 4170 1525 4221 le
1543 4184 1575 4237 27
1593 4172 1691 4239 iuillet

544 4254 616 4315 1804,
635 4254 704 4305 dans
723 4253 842 4317 1o1son,
860 4271 936 4305 euve.
956 4257 1015 4311 citt,
1036 4271 1084 4323 pp.
1104 4268 1135 4321 59
1151 4266 1178 4307 et
1197 4270 1237 4322 7²·
1257 4255 1295 4307 Ni
1307 4256 1376 4308 dans
1388 4255 1447 4308 l’un
1459 4258 1489 4308 ni
1504 4258 1575 4310 dans
1587 4258 1691 4313 l'autre

539 4340 574 4391 de
592 4355 637 4391 ces
655 4341 907 4405 proces-verbaux,
923 4342 941 4391 il
960 4342 1032 4393 n'est
1049 4344 1181 4409 question
1198 4343 1233 4395 de
1250 4344 1276 4395 la
1289 4345 1347 4395 tete
1359 4359 1395 4395 ou
1407 4345 1531 4397 d'autres
1544 4346 1691 4400 membres
1718 4362 1731 4412 3

540 4426 575 4477 de
587 4428 659 4477 saint
674 4426 785 4478 Benolt.

576 4517 583 4543 ¹
603 4509 657 4560 Sur
678 4527 724 4560 cos
746 4511 877 4577 reliques,
901 4528 965 4578 roy.
984 4514 1050 4563 ΑΛ.
1071 4513 1134 4568 SS..
1157 4526 1176 4565 t.
1197 4514 1222 4566 ll
1244 4517 1279 4567 de
1301 4515 1413 4580 levrici,
1433 4535 1460 4585 p.
1479 4533 1539 4581 40¹·
1563 4520 1587 4572 ll
1607 4526 1691 4575 esta

544 4610 715 4661 remarquer,
729 4612 763 4646 cn
778 4597 853 4657 ell'et,
866 4584 921 4663 que
938 4598 964 4649 la
981 4599 1089 4667 relique
1106 4603 1259 4654 conservae
1271 4606 1286 4653 a
1298 4603 1433 4672 Juvigny,
1446 4620 1558 4658 comme
1569 4606 1651 4662 etant
1662 4610 1690 4662 le

542 4679 608 4730 chef
622 4681 657 4731 de
673 4682 763 4732 sainte
781 4683 985 4751 Scholastiquc,
1006 4701 1042 4736 ne
1060 4689 1215 4752 comprend
1232 4705 1287 4756 que
1303 4701 1404 4755 quatre
1419 4691 1501 4742 dents
1517 4691 1690 4747 adherentes

541 4781 597 4817 aux
614 4771 755 4833 gencives.
771 4768 842 4835 Voy.
862 4768 980 4832 Lorson,
1000 4788 1074 4822 ounr.
1092 4775 1151 4829 citt,
1171 4790 1198 4839 p.
1217 4775 1258 4826 60.
1280 4775 1400 4843 L’eglise
1414 4777 1690 4835 actuelledeSaint·
1718 4794 1732 4844 3

545 4851 658 4904 Hubert
670 4870 706 4904 ne
719 4855 836 4920 possode
849 4856 912 4923 plus
925 4857 965 4909 les
979 4857 1101 4926 reliques
1115 4860 1244 4914 susdites.
