4450 6125
881 868 1036 951 Sancti
1069 870 1280 955 Habenti.
1575 871 1648 951 105

510 1159 613 1240 cepit,
644 1161 703 1242 qui
731 1161 824 1225 iilius
849 1163 993 1227 Gerardi
1024 1165 1214 1230 Flamensis
1229 1168 1251 1241 ¹,
1280 1168 1350 1248 regi
1375 1168 1479 1230 etiam
1510 1167 1657 1229 ilenrico

511 1262 703 1324 admodum
745 1261 939 1337 familiaris,
982 1265 1015 1327 in
1057 1267 1186 1349 quibus
1231 1278 1363 1348 poterat
1410 1268 1655 1331 adversabatur

512 1363 640 1441 iuveni.
662 1363 775 1440 Quem
797 1365 1023 1429 Bullonium⁶
1043 1368 1233 1432 deductum
1252 1370 1334 1432 satis
1354 1368 1540 1432 liberaliter
1559 1369 1658 1448 jussit

510 1455 655 1526 servari.
681 1465 885 1529 lambertus
904 1486 1042 1550 quoque
1064 1467 1192 1547 junior,
1210 1480 1292 1532 tunc
1313 1478 1350 1534 ut
1369 1480 1442 1533 erat
1463 1468 1659 1549 prepositus

472 1589 485 1640 ς
513 1566 654 1627 ecclesie
671 1567 758 1629 beati
777 1567 881 1639 Petri,
895 1567 1107 1649 frequentius
1122 1580 1260 1650 captum
1279 1571 1468 1634 revisendo.
1483 1570 1517 1631 in
1533 1570 1661 1650 quibus

515 1676 649 1746 poterat
664 1666 874 1729 deserviebat
885 1668 945 1732 illi.
963 1670 1023 1731 llic
1034 1670 1142 1751 igitur
1158 1679 1233 1751 post
1244 1670 1430 1733 dimidium
1448 1669 1515 1732 iere
1526 1686 1658 1732 annum

516 1770 550 1828 in
574 1767 696 1828 eadem
725 1768 881 1847 captione
910 1769 1005 1845 obiit,
1033 1781 1066 1833 et
1095 1772 1165 1851 jam
1196 1772 1387 1834 moriturus
1417 1772 1595 1834 Coloniam
1625 1789 1660 1831 se

515 1864 739 1930 deserendum
759 1866 985 1933 familiaribus
1007 1872 1076 1933 suit
1098 1872 1235 1934 indixit.
1259 1872 1305 1934 lbi
1328 1873 1421 1934 enim
1441 1871 1533 1950 apud
1554 1870 1662 1932 Sanc-

516 1979 592 2032 tum
618 1968 833 2032 Gereonem²
854 1971 954 2053 longe
978 1982 1057 2035 ante
1083 1974 1315 2036 destinaverat
1339 1974 1403 2036 sibi
1429 1974 1660 2052 sepulturam.

459 2098 490 2134 ιο
517 2069 638 2132 collata
664 2070 733 2134 illic
758 2090 877 2133 rerum
902 2091 1046 2134 suarum
1073 2074 1254 2153 multiplici
1283 2072 1530 2137 munificentia.
1560 2075 1661 2135 Lam-

519 2171 635 2233 bertus
661 2190 752 2245 vero,
782 2183 820 2234 ut
846 2191 982 2253 semper
1006 2186 1081 2237 erat
1108 2176 1265 2238 curiosus
1293 2177 1429 2237 ecclesie
1455 2176 1577 2237 matris
1601 2193 1663 2236 sue

518 2271 736 2342 utilitatibus,
765 2290 825 2351 per
857 2272 1113 2335 Heribrandum
1142 2274 1368 2337 castellanum
1397 2284 1429 2335 et
1455 2273 1661 2334 Tieboldum

516 2370 636 2443 effecit.
655 2381 705 2450 ut,
721 2373 897 2435 abreviato
909 2373 1025 2436 labore
1041 2388 1112 2437 tam
1128 2375 1228 2456 longe
1244 2376 1348 2454 hujus
1360 2375 1553 2443 evectionis,
1570 2391 1662 2454 sepe·

550 2569 576 2602 a.
597 2552 745 2604 bulonium
759 2555 796 2607 A.

461 2854 489 2904 ¹5
520 2834 622 2896 aupres
633 2830 669 2881 de
681 2830 860 2896 l'empereur.
874 2830 1005 2890 celui-ci,
1019 2830 1112 2881 disent
1127 2829 1167 2880 les
1182 2828 1313 2888 Annales,
1326 2829 1425 2880 etsblir
1437 2829 1546 2879 (ierard
1559 2832 1574 2879 a
1588 2828 1665 2879 Was-

520 2917 641 2983 senberg
654 2927 681 2967 et
693 2916 788 2984 Roger
800 2921 814 2967 a
827 2918 939 2976 Cleves,
953 2926 981 2967 et
998 2916 1060 2966 leur
1072 2917 1166 2967 donna
1178 2917 1228 2967 des
1239 2916 1385 2966 domsines
1397 2915 1606 2966 considerables
1617 2917 1665 2982 qui

521 3004 614 3055 iurent
629 3002 655 3053 la
669 3002 733 3054 base
745 3004 782 3054 du
801 3005 922 3070 pouvoir
941 3004 1094 3055 territorial
1108 3004 1142 3054 de
1161 3003 1237 3053 leurs
1249 3003 1444 3053 descendants.
1459 3000 1539 3052 Nous
1558 3017 1667 3069 voyons

522 3106 572 3157 par
590 3100 673 3142 notre
691 3106 804 3157 passage
816 3106 871 3157 que
884 3105 917 3140 ce
935 3089 1044 3141 Gerard
1063 3091 1131 3140 etant
1149 3090 1249 3156 appele
1267 3090 1428 3144 Hatriensis,
1444 3089 1623 3140 c’est-ii-dire
1641 3089 1667 3139 le

523 3180 667 3240 Flauiand
682 3191 709 3231 et
723 3181 789 3231 c'est
804 3181 829 3230 le
842 3196 908 3231 nom
922 3181 990 3246 qu'il
1005 3181 1093 3246 prend
1106 3196 1141 3230 en
1159 3195 1219 3243 ¹04²
1233 3181 1302 3231 dans
1317 3197 1354 3231 un
1367 3191 1428 3230 acte
1447 3181 1525 3246 tasse
1544 3184 1558 3230 ὲι
1579 3179 1667 3230 ‚blaes-

459 3294 493 3332 20
522 3269 618 3326 tricbt,
632 3277 712 3317 entre
726 3267 831 3333 l'eglise
844 3267 879 3317 de
895 3267 1031 3333 bamberg
1043 3277 1071 3317 et
1084 3266 1210 3333 l'abbaye
1222 3267 1257 3317 de
1270 3266 1395 3318 Stavelot
1407 3267 1504 3331 (llirr,
1519 3266 1666 3316 i'rkunden

520 3370 572 3404 :ur
593 3352 745 3402 Geschiclitc
762 3353 804 3401 des
821 3351 1013 3402 Niederrireins
1033 3353 1089 3401 und
1104 3353 1150 3401 der
1167 3351 1354 3415 rl'iedtrnnius,
1367 3369 1394 3418 p.
1409 3354 1665 3417 52).Quan1as0n

522 3438 567 3489 fils
579 3437 710 3505 Tbierry,
724 3439 794 3504 dopt
812 3438 974 3489 l’existence
987 3450 1015 3488 et
1033 3438 1073 3488 les
1085 3438 1227 3489 destinet-s
1244 3439 1348 3488 etaient
1363 3439 1467 3488 restces
1477 3439 1586 3505 jusqu'a
1600 3440 1666 3504 pre·

521 3534 585 3576 sent
603 3525 742 3593 ignorees,
756 3525 775 3575 il
793 3534 836 3575 est
855 3523 1071 3590 probablement
1091 3525 1222 3589 question
1242 3524 1276 3573 de
1296 3523 1335 3574 lui
1354 3524 1423 3574 dans
1441 3524 1468 3574 le
1485 3524 1611 3589 diplome
1629 3525 1666 3575 du

524 3609 655 3675 §levrier
675 3625 738 3675 1079
751 3612 794 3674 (n.
808 3612 870 3676 st),
884 3611 954 3661 dans
973 3610 1065 3676 lequel
1085 3625 1122 3660 un
1142 3621 1234 3660 comte
1252 3609 1372 3676 Thierry
1392 3621 1433 3660 est
1451 3611 1490 3660 dir
1510 3613 1600 3661 arone
1618 3611 1667 3662 des

461 3719 493 3770 ²5
523 3697 604 3747 biens
621 3696 852 3772 dffErmengarde,
872 3700 887 3747 a
909 3697 977 3747 Bri-e
991 3695 1151 3761 (llonsmss
1170 3706 1196 3745 et
1217 3695 1495 3755 sesoostrizesrsns,
1513 3697 1668 3746 t'uriulnr're

522 3785 553 3832 de
565 3781 792 3837 Sirini-Lamban,
809 3792 828 3835 t.
841 3783 863 3842 1,
877 3800 903 3849 p.
918 3785 975 3849 4²)
991 3783 1111 3849 'l'hicrry
1126 3782 1166 3833 lut
1180 3784 1247 3848 pere
1259 3783 1294 3833 de
1306 3782 1415 3833 (ie'rard
1432 3783 1467 3833 de
1480 3782 1667 3852 ll'assenberg

521 3885 559 3921 ou
572 3869 607 3921 de
620 3869 756 3929 Gueldre,
769 3872 785 3920 a
796 3871 844 3935 qui
858 3870 898 3920 les
912 3871 1065 3920 historiens
1076 3870 1202 3920 donnent
1220 3869 1245 3919 le
1259 3884 1324 3919 nom
1337 3869 1372 3919 de
1385 3869 1494 3919 (ierard
1509 3868 1552 3928 1⁰¹,
1566 3882 1594 3920 et
1612 3886 1668 3939 que

522 3957 563 4007 les
575 3958 805 4022 contemporains
822 3966 872 4007 ont
891 3958 965 4007 aussi
984 3972 1076 4007 connu
1096 3972 1162 4006 sous
1181 3955 1326 4021 l'epitlrete
1344 3955 1378 4005 de
1392 3954 1541 4004 Flamensis
1553 3970 1591 4007 ou
1605 3956 1668 4006 Fin-

522 4047 636 4106 minius,
655 4059 766 4094 comme
784 4059 835 4093 sun
852 4044 940 4111 grand
955 4048 1020 4109 pere
1034 4044 1114 4108 (roy.
1130 4042 1300 4102 Rooutt‘ris,
1317 4042 1467 4092 chronicon
1485 4045 1580 4092 Sancti
1600 4043 1665 4093 Tru-

460 4153 495 4201 30
522 4132 607 4185 donis,
625 4129 673 4189 lx,
690 4144 718 4194 17
731 4130 800 4180 dans
812 4128 928 4182 MGII..
943 4129 1005 4181 SS..
1022 4141 1040 4178 t.
1057 4131 1090 4189 il,
1105 4143 1151 4194 pp.
1167 4129 1214 4191 285
1234 4137 1260 4177 et
1282 4128 1355 4192 286),
1369 4139 1395 4178 et
1409 4128 1444 4178 de
1456 4128 1576 4187 Gosum,
1592 4147 1667 4181 men·

523 4218 636 4270 tionnes
649 4219 693 4269 ici.
708 4217 869 4268 Lai-meme
881 4219 955 4267 avait
973 4231 1044 4283 pour
1057 4214 1130 4265 lvere
1148 4230 1184 4264 un
1202 4214 1323 4273 (Bossia,
1338 4216 1385 4281 qui
1403 4216 1470 4264 etan
1487 4232 1618 4281 seigneur
1633 4219 1667 4268 de

525 4305 685 4372 Heinsberg
697 4313 724 4353 et
737 4304 806 4354 dont
819 4319 892 4354 nous
907 4303 983 4369 parle
995 4302 1166 4359 Ronoet’sta,
1178 4318 1218 4357 up.
1227 4303 1284 4358 cit..
1297 4299 1349 4360 111,
1361 4314 1374 4350 ι
1386 4299 1513 4366 elicii..
1528 4303 1590 4362 55„
1602 4314 1621 4353 r.
1635 4307 1666 4361 Χ,

523 4409 551 4459 p.
566 4391 639 4457 241).
656 4411 667 4437 ι
682 4389 757 4441 Note
769 4389 804 4440 de
816 4389 852 4440 G.
869 4389 987 4449 Konta,
1000 4405 1075 4440 ouvr.
1089 4390 1147 4448 citi,
1163 4399 1181 4437 t.
1198 4387 1219 4447 l,
1234 4404 1261 4453 p.
1277 4402 1316 4452 51,
1332 4404 1359 4441 n.
1378 4403 1398 4440 1.

559 4485 566 4513 ¹
588 4477 663 4529 Dans
677 4476 807 4527 iustine
821 4489 859 4526 ns
872 4475 1139 4533 Tnoisroarinvrs,
1153 4473 1269 4529 troil„
1283 4474 1345 4528 SS..
1362 4486 1380 4525 t.
1396 4474 1502 4535 Xlllll,
1517 4493 1542 4542 p.
1559 4491 1617 4541 799,
1630 4494 1667 4529 on

463 4585 495 4636 35
525 4565 813 4618 litzAnn01081.-
825 4591 854 4598 -
866 4590 896 4599 -
916 4562 1032 4627 Quidam
1049 4577 1132 4611 conus
1149 4559 1331 4616 Theodericus,
1344 4560 1424 4626 fitius
1445 4561 1560 4612 Gerardi
1577 4562 1668 4614 Flam·

525 4653 632 4705 mensis,
655 4649 729 4716 apud
751 4648 781 4698 S.
804 4646 958 4697 liebertum
978 4646 1095 4715 sepultus
1118 4655 1165 4699 cst.
1189 4645 1285 4710 Hujus
1309 4646 1461 4698 Theoderici
1476 4649 1595 4711 suerunt
1609 4650 1668 4715 filii

527 4739 663 4789 Gerardas
674 4745 700 4787 et
714 4737 857 4787 tiosuinus.
871 4734 946 4785 C'est
960 4734 1059 4785 un‘des
1072 4734 1230 4785 nombreux
1243 4745 1392 4799 emprunts
1403 4732 1547 4786 d'Albe'ric
1559 4739 1573 4785 lt
1587 4746 1669 4786 notre

525 4827 688 4894 Chronique.

559 4922 568 4948 ¹
588 4911 803 4972 Sirim-Gereon,
815 4909 925 4960 illustre
938 4906 1025 4974 eglise
1037 4907 1073 4957 de
1085 4905 1223 4973 Culogne.
