4450 6125
550 816 624 898 160
749 820 1061 901 Cantatorium
1090 821 1183 898 sine
1217 817 1467 898 Clu'onicon

539 1113 607 1175 vite
621 1121 656 1176 et
671 1115 828 1175 moribus
847 1114 921 1190 ejus
941 1114 1117 1194 derogare,
1135 1123 1206 1175 tam
1228 1112 1317 1173 male
1331 1129 1367 1174 ee
1382 1113 1426 1173 ab
1440 1129 1481 1173 eo
1494 1118 1685 1175 tractatum

539 1214 712 1275 continuis
727 1214 954 1294 querimoniis
970 1215 1161 1293 deplorare,
1175 1230 1242 1274 non
1258 1229 1340 1274 eum
1355 1229 1396 1274 ex
1410 1209 1615 1291 pontificatu
1626 1213 1688 1275 ho

540 1326 714 1387 noratum,
731 1314 790 1375 sed
809 1312 1049 1392 pontificatum
1064 1331 1105 1374 ex
1128 1331 1167 1374 eo
1188 1313 1457 1374 dehonestatum
1476 1312 1685 1375 declamare.

540 1413 608 1475 Nec
622 1414 722 1475 latuit
736 1412 923 1475 Otbertum
939 1415 1002 1475 hec
1015 1414 1158 1475 illorum
1172 1413 1341 1475 sententia
1355 1423 1390 1475 et
1403 1430 1464 1475 sue
1476 1410 1616 1493 publice
1627 1413 1688 1475 cri·

540 1511 739 1575 minationis
753 1510 907 1586 infamia,
921 1530 1028 1594 quam
1044 1512 1122 1576 licet
1136 1513 1403 1588 dissimulatam,
1421 1531 1483 1576 sua
1497 1512 1562 1576 sibi
1579 1513 1687 1577 etiam

538 1615 764 1675 attestabatur
777 1613 996 1676 conscientia.
1012 1613 1186 1675 Decrevit¹
1197 1615 1306 1694 igitur
1316 1631 1352 1675 se
1364 1613 1554 1689 vindicare;
1567 1614 1630 1676 sed
1646 1631 1688 1676 ne

536 1713 570 1774 id
581 1713 959 1776 videreturinconsulte
968 1712 1261 1788 lecisse,ev0cavit
1271 1713 1510 1791 consulendos,
1522 1732 1612 1796 quos
1623 1714 1686 1777 sibi

537 1815 589 1875 vel
616 1814 758 1892 premiis
786 1814 835 1875 vel
863 1813 1150 1893 promissionibus
1175 1813 1330 1877 effecerat
1352 1814 1521 1878 fideliores
1542 1815 1685 1879 amicos.

537 1916 780 1979 Convenerunt
797 1915 902 1977 etiarn
916 1933 1004 1997 quos
1019 1915 1241 1978 ordinaverat
1253 1915 1304 1977 vel
1317 1917 1516 1978 restituerat
1529 1917 1684 1987 abbates,

538 2016 666 2079 scilicet
682 2015 863 2078 Guolbodo
883 2014 999 2078 Sancti
1016 2015 1205 2088 Laurentii,
1223 2016 1342 2096 Leupo
1362 2015 1478 2080 Sancti
1495 2015 1684 2091 Trudonis,

540 2115 751 2178 Gislebertus
772 2114 992 2190 Florinensis,
1009 2115 1259 2178 Guarmundus
1271 2128 1286 2155 ·
1302 2116 1509 2192 Bronienais,
1528 2118 1687 2181 Theode-

540 2217 653 2278 ricum
672 2217 832 2278 abbatem
852 2215 1106 2295 condempnare
1127 2217 1250 2297 parati,
1267 2234 1347 2279 cum
1363 2217 1429 2297 ipsi
1444 2219 1687 2300 dampnabiles

539 2336 581 2379 ex
593 2319 729 2381 decreto
740 2336 912 2381 canonum
926 2317 1059 2379 nullam
1070 2319 1237 2381 haberent
1245 2319 1485 2382 auctoritatem
1494 2319 1684 2397 judicandi.

540 2419 588 2481 Ne
611 2429 726 2481 tanren
752 2420 815 2481 soli
838 2420 1038 2481 viderentur
1059 2419 1279 2500 precipitasse
1306 2421 1513 2483 sententiam
1540 2421 1688 2501 alicujus

541 2520 759 2594 temeritatis,
777 2519 895 2582 habito
916 2519 1057 2581 consilio
1077 2538 1159 2582 cum
1177 2521 1438 2596 archidiaconis,
1459 2523 1688 2586 decreverunt
1716 2542 1726 2549 ·

541 2619 704 2701 legitimis
715 2621 973 2683 evocationibus
986 2621 1165 2682 abbatem²
1173 2624 1465 2703 prosequendum,
1476 2631 1511 2685 et
1522 2624 1590 2686 nisi
1602 2623 1688 2687 infra

540 2723 707 2783 terminos
732 2738 853 2783 earum
879 2739 913 2783 se
940 2729 1194 2801 representaret
1214 2723 1256 2783 ad
1283 2724 1475 2805 episcopale
1501 2723 1687 2803 judicium,

541 2820 642 2882 illum
662 2823 750 2899 iuste
773 2821 1161 2895 excommunicandum,
1184 2831 1244 2885 aut
1265 2824 1408 2886 omnino
1429 2825 1687 2904 deponendum.

543 2921 685 2983 lnterim
697 2920 863 2984 Otbertus
878 2920 991 2983 furere
1006 2933 1040 2984 et
1056 2923 1092 2983 in
1107 2923 1268 2985 abbatem
1283 2924 1468 3000 indignari,
1481 2936 1515 2987 et
1531 2927 1625 2989 unde
1640 2926 1687 2988 illi

542 3030 638 3085 tanta
656 3022 846 3085 constantia
867 3030 985 3085 contra
1007 3022 1229 3087 leodiensem
1248 3023 1451 3105 episcopum
1464 3025 1689 3107 [proveniret]

541 3122 715 3197 demirari,
743 3124 952 3203 ejiciendosb
976 3144 1017 3187 ex
1042 3125 1118 3188 loco
1146 3129 1332 3190 monachos
1357 3138 1390 3190 et
1417 3128 1591 3194 militibus
1618 3130 1689 3194 suis

541 3226 715 3287 abbatiam
731 3226 1006 3305 dispertiendam
1023 3226 1160 3290 minari.
1179 3227 1271 3290 Missi
1287 3239 1369 3291 sunt
1383 3230 1427 3290 ab
1441 3246 1482 3291 eo
1493 3231 1536 3291 ad
1552 3249 1690 3293 monas-

543 3326 670 3387 terium
685 3326 909 3389 Godiscalcus
930 3327 1036 3389 abbas
1052 3328 1279 3391 Hasteriensis
1293 3320 1316 3403 ³,
1333 3328 1587 3394 Guarmundus
1607 3332 1690 3394 Bro-

542 3426 679 3499 niensis,
708 3436 746 3488 ut
770 3426 935 3490 fratribus
963 3430 1025 3489 hoc
1056 3427 1252 3507 periculum
1282 3430 1506 3493 enuntiarent
1536 3442 1571 3495 et
1596 3433 1644 3496 sic
1670 3451 1689 3495 a

576 3664 602 3697 a.
615 3647 807 3713 guarmondus
820 3648 858 3698 Α.
872 3676 904 3684 -
921 3645 945 3699 b.
958 3646 1086 3698 eiciendo
1100 3647 1136 3697 Α.

579 4002 586 4028 ¹
606 3993 660 4045 Les
680 3994 742 4045 iaits
761 3996 906 4056 ci-dessus,
926 3996 1093 4047 dest-adire
1114 3996 1141 4046 le
1159 3998 1258 4062 proces
1275 3996 1310 4048 de
1330 3996 1451 4064 'shierry
1474 3996 1512 4060 11,
1533 4015 1563 4051 sa
1583 4015 1694 4069 compa·

546 4081 639 4133 rution
659 4091 687 4132 et
705 4097 756 4131 son
769 4082 983 4148 acquittement,
996 4083 1114 4133 doivent
1126 4084 1186 4133 elre
1200 4082 1346 4148 rapportes
1357 4086 1373 4133 a
1385 4082 1495 4136 l'annee
1510 4099 1575 4151 ¹09²
1588 4097 1617 4138 et
1630 4099 1692 4140 sont

544 4185 579 4219 en
590 4178 652 4220 tout
662 4185 707 4220 cas
715 4169 874 4221 antorieurs
883 4173 898 4220 a
907 4170 933 4220 la
943 4169 1062 4221 reunion
1072 4170 1107 4221 de
1117 4169 1202 4231 Melz,
1215 4186 1287 4221 mars
1300 4184 1372 4235 1093,
1384 4171 1516 4223 racontce
1528 4173 1691 4236 cidcssous,

544 4269 610 4320 c.71
628 4256 701 4323 (83).
723 4255 776 4307 Ces
794 4254 866 4317 faits,
886 4255 1036 4307 denatures
1054 4272 1104 4321 par
1124 4255 1372 4318 Kaom.lc1t,ouvr.
1385 4258 1444 4314 citt,
1460 4273 1508 4324 pp.
1526 4261 1555 4311 18
1568 4267 1598 4312 et
1609 4261 1692 4321 suiv..

544 4350 594 4391 nnt
613 4342 657 4393 ero
679 4342 795 4394 rerablis
817 4358 865 4410 par
884 4343 1029 4404 (leucum,
1048 4359 1126 4394 arur.
1146 4345 1204 4399 citt,
1226 4350 1253 4393 2⁶
1270 4343 1318 4410 pff,
1337 4360 1384 4411 pp.
1405 4358 1437 4408 30
1456 4352 1486 4396 et
1506 4347 1598 4408 suiv.;
1621 4358 1694 4401 cette

544 4427 699 4478 discussion
725 4429 897 4479 minutietrse
920 4445 935 4478 a
960 4430 1012 4478 mis
1035 4444 1070 4478 cn
1095 4429 1189 4495 pleine
1210 4430 1330 4481 lurnidre
1353 4430 1535 4485 l'exactitude
1554 4434 1592 4486 dc
1612 4445 1693 4488 notre

548 4513 707 4579 Clrrnniquc.

580 4601 651 4647 ²(ln
683 4599 840 4651 s'dtonnera
871 4602 1010 4666 peut-etro
1040 4617 1095 4667 que
1125 4601 1165 4652 les
1195 4604 1355 4668 pourmnes
1381 4605 1473 4656 soient
1504 4607 1688 4676 uniquement

545 4684 665 4751 ‹lirigees
677 4695 775 4737 contre
787 4685 907 4753 'l'lrierry
923 4687 958 4737 ll.
979 4687 1182 4753 le’cxplication
1201 4698 1242 4740 est
1256 4689 1358 4757 simple
1371 4705 1378 4741 :
1392 4689 1537 4760 Berenger
1548 4694 1619 4746 erait
1630 4689 1689 4762 ddja

545 4766 659 4833 lle-pose.

583 4860 590 4890 ³
609 4853 681 4920 l'nr.
694 4855 838 4912 ci-dcssns.
853 4873 876 4907 c.
891 4871 920 4907 :2
935 4859 1007 4924 (30),
1022 4859 1280 4924 particulii‘rcnrent
1294 4877 1321 4926 p.
1336 4874 1377 4927 57,
1391 4877 1418 4914 n.
1436 4876 1458 4914 ι.
