4450 6125
548 836 603 922 88
756 839 1072 920 Cantatorium
1103 842 1196 917 siae
1231 835 1481 918 Chronicon

405 1156 524 1222 Ruperti
590 1140 648 1199 29.
680 1137 760 1213 141.)
796 1130 851 1193 Sic
885 1133 1035 1192 domnus
1069 1130 1236 1192 Henricus
1267 1131 1441 1211 episcopio
1469 1131 1630 1206 donatus,
1659 1141 1694 1195 et

403 1222 528 1341 scm
549 1239 757 1317 obsequente
772 1234 859 1293 duce
874 1232 908 1293 in
928 1232 1048 1292 urbem
1064 1230 1294 1292 favorabiliter
1311 1242 1477 1310 receptus,
1496 1251 1564 1294 non
1580 1234 1695 1295 multo

415 1356 515 1417 Laod„
552 1348 627 1420 post
648 1361 663 1395 a
684 1344 806 1395 domno
827 1342 972 1393 Annone
991 1341 1193 1393 Coloniensi
1216 1339 1404 1406 pontifice¹
1427 1341 1694 1408 sollempniter⁶

402 1433 473 1486 ⁴3⁶¹
486 1439 529 1485 44·
550 1448 601 1491 est
625 1447 844 1491 consecratus
852 1454 859 1497 ς
884 1453 899 1487 a
920 1451 977 1504 quo
997 1437 1082 1487 etiam
1102 1436 1246 1503 adjuratus
1263 1445 1315 1498 est,
1335 1436 1388 1488 sub
1405 1438 1571 1490 testimonio
1591 1437 1697 1490 collate

551 1526 604 1578 sibi
630 1524 843 1585 benedictionis,
866 1534 896 1574 ut
919 1524 980 1590 ejus
1002 1538 1116 1591 quoque
1136 1532 1250 1574 utamur
1270 1523 1365 1574 verbis
1386 1540 1392 1574 ε
1411 1529 1462 1592 per
1480 1523 1695 1586 benedictionem,

551 1615 675 1694 inquit,
701 1621 790 1690 patris
813 1621 854 1670 tni
872 1620 1008 1681 Annonis,
1029 1618 1137 1668 obtestor
1160 1625 1192 1680 te,
1215 1626 1244 1669 ut
1264 1619 1384 1669 destruas
1406 1619 1556 1686 snperbiam
1579 1627 1605 1670 et
1628 1622 1698 1671 inso-

551 1719 661 1770 lentiam
693 1719 866 1772 Guolbodonts
885 1720 907 1770 b.
945 1713 1026 1774 Erat
1057 1721 1175 1774 autem
1210 1712 1388 1774 Guolbodo
1420 1714 1524 1774 abbas
1556 1713 1698 1775 ecclesie

552 1815 640 1877 beati
671 1815 847 1878 Laurentii
863 1815 884 1885 ²,
906 1822 954 1890 qui
984 1822 1103 1872 nimium
1131 1819 1254 1872 confisus
1279 1821 1369 1889 glorie
1395 1837 1445 1872 sue
1470 1831 1499 1872 et
1523 1821 1699 1873 nobilitatis

552 1916 635 1984 longe
663 1931 693 1968 se
721 1916 804 1967 aliter
832 1917 952 1969 habebat
974 1931 994 1977 c,
1022 1932 1105 1983 quam
1131 1917 1298 1967 conveniret
1323 1917 1487 1968 monachice
1515 1916 1698 1983 professioni.

551 2004 620 2056 Nec
643 2006 699 2056 diu
726 2014 875 2057 moratus
895 2005 1078 2071 episcopus
1099 2004 1246 2070 privatis
1270 2004 1369 2059 illum
1389 2005 1698 2057 ammonitionibus
1727 2023 1737 2059 1

551 2093 738 2159 corrigere,
760 2107 832 2143 cunr
855 2092 990 2142 videret
1013 2106 1047 2141 se
1068 2091 1101 2140 in
1122 2092 1185 2142 hoc
1205 2106 1271 2142 non
1292 2091 1399 2141 solum
1421 2107 1488 2143 non
1510 2090 1697 2158 prolicere,

552 2178 608 2229 sed
644 2177 741 2229 illum
777 2179 882 2246 magis
914 2178 952 2229 ad
984 2177 1157 2230 deteriora
1189 2193 1227 2228 ex
1260 2178 1500 2246 indignatione
1531 2177 1698 2239 deiicere,

553 2273 701 2324 constituit
724 2272 799 2323 diem
823 2272 858 2323 ad
882 2272 1085 2323 discussionem
1110 2272 1171 2339 ejus
1194 2271 1345 2338 publicam.
1377 2265 1703 2327 Convenientibus‘

552 2369 733 2431 abbatibus
762 2379 795 2430 et
824 2368 1086 2441 archidiaconis,
1115 2387 1196 2430 curn
1222 2387 1256 2430 se
1282 2368 1461 2431 Guolbodo
1490 2385 1557 2427 non
1584 2378 1698 2445 posset

552 2486 700 2550 purgare
722 2489 740 2531 a
764 2469 967 2532 criminibus
988 2470 1139 2548 objectis
1164 2471 1298 2530 decreta
1321 2467 1521 2529 omnimoda
1544 2484 1597 2527 res
1623 2466 1698 2547 ejus
1728 2491 1736 2526 1

551 2568 585 2630 in
610 2576 775 2649 potestate
798 2581 831 2631 et
854 2569 1075 2649 dispositione
1097 2569 1260 2649 episcopi.
1286 2569 1486 2648 Episcopus,
1508 2585 1549 2628 ne
1573 2568 1718 2630 aeccle·-

553 2669 661 2730 rando
677 2669 844 2747 justitiam
867 2670 1044 2732 videretur
1063 2687 1245 2731 evacuasse
1265 2668 1550 2742 misericordiam,
1571 2667 1701 2748 optulit

552 2771 581 2832 ei
620 2770 732 2832 locum
770 2781 803 2831 et
841 2782 979 2850 tempus
1013 2771 1144 2851 agenda
1179 2770 1374 2850 penitentie,
1412 2768 1633 2849 decrevitque
1669 2771 1700 2831 ei

552 2879 588 2923 ut
614 2870 802 2922 Virdunum
829 2871 915 2937 apud
944 2870 1103 2922 Sanctum
1132 2871 1363 2939 Aggericum⁴
1387 2869 1598 2937 aliquamdiu
1627 2870 1701 2937 pri-

553 2976 649 3018 vatus
673 2966 860 3028 secederet,
887 2970 920 3021 et
940 2958 1029 3020 inter
1051 2958 1226 3040 religiosos
1244 2958 1337 3020 viros
1356 2958 1403 3019 ibi
1425 2957 1557 3019 noviter
1576 2975 1700 3038 aggre-
1728 2984 1739 3022 2

586 3157 612 3193 a.
631 3138 817 3205 solempniter
828 3138 865 3189 A.
879 3167 911 3175 -
930 3137 953 3190 b.
972 3137 1160 3189 Guobodonis
1172 3137 1197 3188 A
1205 3154 1217 3193 ,·
1223 3138 1253 3200 je
1264 3153 1334 3187 corr.
1344 3154 1375 3186 en
1386 3136 1595 3198 Guolbodonis,
1605 3139 1654 3204 qui
1664 3144 1702 3187 cst

553 3225 677 3293 lasorrnc
686 3226 791 3290 adoptet
799 3230 852 3293 par
865 3224 889 3274 A
904 3225 971 3274 dans
982 3225 1009 3273 la
1020 3226 1096 3275 suite.
1114 3253 1147 3261 —
1165 3240 1187 3274 c.
1205 3223 1307 3275 habeat
1318 3224 1355 3275 Α.
1372 3253 1401 3261 -
1420 3223 1438 3272 d
1460 3224 1651 3277 conventibus
1662 3226 1702 3276 A.

590 3522 598 3549 ¹
617 3512 689 3580 Voy.
703 3513 848 3575 cidessus,
862 3528 889 3579 p.
905 3527 945 3576 30,
959 3529 987 3565 n.
1003 3527 1026 3576 3.

588 3609 598 3636 ²
617 3600 843 3661 serint-laurent,
865 3599 973 3667 abbaye
996 3599 1175 3651 benedictino
1197 3615 1251 3650 aux
1275 3608 1372 3665 portes
1394 3598 1429 3650 de
1453 3598 1548 3665 Liege.
1573 3598 1647 3667 Voy.
1672 3601 1701 3652 la

554 3687 664 3755 presace
681 3687 717 3738 de
736 3686 782 3737 W.
799 3686 1014 3737 WATTENBACH
1031 3702 1066 3737 au
1087 3686 1237 3736 Chronicon
1257 3685 1353 3736 Sancti
1369 3686 1515 3737 Laurentii
1530 3685 1697 3745 Leodiensis,
1729 3704 1739 3741 a

554 3777 589 3827 dc
602 3774 736 3835 Rursus,
749 3773 864 3834 ΜΘΗ,
879 3772 942 3835 SS.,
955 3783 976 3825 t.
991 3773 1069 3835 Vlll,
1085 3789 1132 3840 pp.
1147 3773 1267 3824 261-262.

588 3870 599 3906 1
620 3861 691 3928 Quia
703 3860 892 3911 venerabilium
904 3862 1083 3927 episcoporum
1095 3862 1183 3910 sancti
1196 3859 1355 3910 Wolbodonis
1365 3868 1389 3910 et
1398 3860 1704 3930 Reginardiprnrimus

554 3957 617 3999 esset
635 3956 659 3997 et
676 3948 775 4014 affinis,
796 3947 874 3997 illum
893 3948 1009 4012 reserens
1025 3950 1112 4015 patris
1126 3953 1270 4017 patruum,
1290 3950 1371 3998 istum
1389 3948 1506 4013 reserens
1525 3952 1623 3999 matris
1637 3967 1704 4002 suae

552 4036 637 4096 [uisse
647 4033 821 4084 avunculum.
837 4032 971 4085 RUPERT.
987 4033 1147 4093 Chaoniam,
1161 4050 1185 4085 c.
1198 4048 1240 4098 43.

587 4119 789 4187 ⁴Saint·Airy,
815 4122 974 4170 monastero
999 4119 1153 4172 suburbain
1178 4121 1212 4171 de
1237 4121 1363 4180 Verdun,
1386 4121 1470 4173 fonde
1495 4138 1544 4187 par
1568 4122 1703 4193 l'eveque
1735 4147 1739 4193 ς

556 4207 690 4259 Rembert
703 4222 738 4257 en
755 4220 827 4271 1037,
840 4222 906 4257 sous
922 4206 949 4256 lc
965 4216 1118 4272 patronagc
1133 4207 1168 4257 de
1181 4208 1252 4256 saint
1267 4206 1371 4257 Martin
1384 4215 1412 4257 et
1424 4207 1459 4257 de
1471 4208 1544 4258 saint
1557 4208 1639 4275 Airy.
1656 4210 1703 4263 En

557 4308 629 4360 1075,
643 4295 707 4345 date
718 4295 767 4345 des
786 4292 847 4343 faits
862 4293 995 4344 cidessus
1013 4293 1151 4346 racontes.
1166 4293 1256 4344 l'abbe
1274 4294 1309 4344 de
1327 4293 1499 4360 Saint-rliry,
1513 4294 1540 4345 le
1552 4296 1704 4350 troisieme

553 4383 653 4448 depuis
669 4382 694 4432 la
713 4381 867 4439 lundation,
881 4381 949 4431 ctalt
967 4395 1003 4430 un
1018 4379 1157 4447 Licgcois,
1173 4363 1294 4431 litienne
1310 4380 1498 4448 (root-1084);
1512 4396 1542 4431 sa
1555 4382 1704 4447 prelature

555 4468 594 4518 lut
609 4466 868 4533 particuli'crenrent
881 4466 1075 4531 remarquable
1087 4476 1115 4517 et
1126 4470 1273 4532 prospere·
1287 4466 1315 4517 le
1327 4467 1477 4533 necrologc
1489 4467 1524 4518 de
1533 4467 1702 4540 saint-Airy

555 4556 595 4605 lui
619 4555 712 4605 donne
737 4554 762 4604 le
786 4555 851 4603 titre
875 4553 909 4603 de
933 4552 1136 4604 bienheureux.
1159 4553 1197 4603 Le
1220 4570 1383 4605 successeur
1406 4540 1567 4617 d’Etienne,
1591 4555 1702 4619 soson,
1737 4618 1738 4625 ἵ

555 4640 706 4706 ‹niginaire
719 4640 753 4690 de
768 4639 844 4706 Huy,
860 4648 973 4689 mourut
990 4643 1005 4689 ‘a
1021 4639 1138 4705 lapillo,
1157 4644 1220 4705 pres
1237 4640 1272 4690 de
1292 4640 1383 4706 liege,
1402 4640 1428 4690 le
1450 4655 1476 4691 12
1494 4641 1566 4691 avril
1584 4644 1659 4707 1106,
1672 4655 1704 4697 et

556 4727 597 4778 lut
615 4726 740 4784 inbumc,
761 4741 809 4775 sur
828 4741 856 4775 sa
874 4726 1020 4785 dernandc,
1039 4728 1053 4775 a
1073 4725 1288 4786 Saint-Hubcrt,
1306 4729 1320 4776 a
1340 4726 1366 4776 la
1384 4726 1476 4777 droitc
1493 4725 1528 4777 de
1547 4727 1646 4781 l'autel
1664 4731 1705 4785 de

555 4815 628 4865 saint
646 4795 766 4864 Etiennc
784 4813 863 4878 (voy.
881 4811 1040 4878 Chronian.
1060 4813 1225 4867 cidessous
1244 4828 1268 4865 c.
1283 4813 1339 4877 67).
1353 4811 1396 4863 (tt.
1418 4811 1507 4863 Gallia
1527 4812 1703 4880 Christiana,

556 4918 575 4955 t.
591 4900 669 4962 Xlll,
681 4900 734 4951 cul.
753 4913 813 4962 1303
827 4909 854 4949 et
867 4900 938 4949 suiv.
