4450 6125
786 869 790 895 ’·
862 853 1016 935 Sancti
1046 853 1257 940 Habent.
1552 863 1623 948 181

494 1153 745 1237 possessionum
760 1171 905 1217 suarum
918 1152 1135 1214 molendinos
1146 1161 1180 1215 et
1194 1155 1359 1218 ecclesias.
1379 1157 1533 1220 Preterea
1549 1178 1629 1222 cum

493 1274 610 1320 rerum
631 1255 833 1337 indigentia,
854 1255 946 1336 quod
967 1265 1042 1315 erat
1061 1255 1212 1334 gravius,
1234 1257 1360 1335 passim
1384 1260 1631 1337 premebantur

491 1358 687 1420 vicinorum
698 1355 849 1431 infamia,
862 1366 895 1417 et
911 1355 1037 1437 quibus
1052 1356 1188 1436 vigente
1201 1357 1364 1437 religione
1376 1356 1512 1421 suerent
1523 1360 1631 1441 glorie

488 1470 525 1522 et
540 1459 677 1533 honori,
691 1475 730 1520 ea
746 1459 930 1540 languente
946 1465 1043 1518 erant
1059 1459 1127 1535 jam
1144 1458 1332 1539 ignominie
1347 1470 1381 1521 et
1396 1462 1502 1525 oneri.
1606 1508 1609 1514 .

399 1578 441 1629 5
531 1560 607 1623 Sub
631 1558 759 1622 eisdem
786 1575 923 1640 quoque
948 1556 1080 1631 diebus,
1104 1559 1316 1639 Berengerus
1338 1578 1418 1641 erga
1440 1562 1630 1635 ecclesiam,

482 1661 590 1744 quasi
605 1660 751 1738 Otberto
766 1661 966 1736 subiectam,
984 1667 1096 1721 tantas
1111 1659 1262 1722 exercuit
1277 1660 1485 1733 inimicitias,
1499 1672 1538 1724 ut
1553 1667 1635 1725 con-¹

476 1761 659 1825 versionis
670 1770 704 1822 et
715 1759 932 1841 professionis
944 1760 1082 1839 proprie
1095 1759 1235 1835 oblitus
1248 1779 1308 1822 sue
1320 1762 1424 1824 etiam
1439 1774 1472 1825 et
1487 1782 1631 1826 suorum

472 1861 693 1924 retentionis
704 1861 739 1921 in
752 1860 987 1940 persecutione
1002 1859 1171 1941 ingratus,
1184 1858 1281 1923 fieret
1295 1862 1368 1923 loco
1378 1862 1631 1943 inrecuperabi-

465 1965 569 2026 liter
592 1963 789 2026 damnosus.
816 1962 903 2023 Nam
925 1978 1006 2022 cum
1029 1961 1088 2021 illo
1108 1978 1171 2022 suo
1193 1979 1299 2035 more,
1323 1963 1420 2044 quasi
1442 1965 1483 2025 ad
1509 1963 1631 2028 iratres

334 2084 400 2122 ro
463 2082 573 2128 suos
599 2063 865 2126 substentandos
894 2061 1143 2144 questionarlas
1175 2062 1390 2126 circuitiones
1418 2074 1549 2147 ageret,
1586 2068 1628 2128 ad

459 2167 490 2227 Ι
499 2166 586 2227 dam
604 2165 614 2192 ¹
631 2181 774 2226 uxorem
787 2162 937 2226 Cononis
949 2162 1083 2224 comitis
1097 2163 1191 2224 venit
1203 2181 1349 2244 eamque
1365 2166 1456 2244 apud
1478 2167 1630 2228 Montem

445 2264 640 2329 Acutum
656 2265 668 2292 ²
687 2263 899 2326 infirmatam
919 2263 1061 2325 invenit.
1083 2263 1158 2340 Que
1176 2265 1387 2343 presentiens
1402 2265 1465 2328 sibi
1483 2276 1631 2329 mortem

435 2365 699 2446 proximam,
714 2365 800 2426 dum
820 2383 855 2426 se
873 2363 963 2442 apud
982 2366 1119 2426 beatum
1138 2364 1344 2437 Hubertum,
1361 2384 1431 2447 quo
1447 2378 1543 2446 pater
1557 2367 1631 2446 ejus

438 2468 697 2529 Lambertus
709 2464 806 2546 jacet,
820 2465 1023 2526 deliberaret
1037 2465 1281 2544 sepeliendam,
1296 2467 1508 2547 Berengerus
1521 2469 1631 2529 omni·

310 2580 337 2633 ts
435 2585 535 2629 no
548 2567 684 2630 obstitit
699 2583 741 2627 ne
752 2566 787 2628 id
805 2564 900 2627 fieret
912 2574 1018 2646 utque
1032 2566 1076 2626 ob
1091 2566 1338 2642 subjectionem
1351 2567 1483 2629 Otberti
1499 2586 1632 2630 excom·

431 2669 685 2731 niunicatos
697 2666 1079 2740 vitaret,Stabulensem
1094 2667 1310 2746 sepulturam
1329 2670 1442 2747 potius
1458 2678 1638 2749 expeteret.

414 2767 457 2827 i
476 2769 688 2848 Itidemque
702 2767 925 2828 elemosinam
940 2785 1038 2828 suam
1057 2767 1290 2828 constitueret.
1307 2768 1537 2831 Causantibus
1552 2769 1632 2832 filiis

411 2888 488 2930 e
497 2873 562 2951 jus
585 2870 770 2932 lamberto
794 2878 828 2930 et
852 2867 996 2930 Henrico
1011 2859 1033 2942 ³,
1056 2868 1230 2948 quomodo
1253 2868 1467 2932 Stabulensis
1491 2871 1631 2932 eeclesia

407 2973 667 3034 videretur
686 2969 885 3046 absolutior,
901 2988 980 3031 cum
1000 2987 1040 3031 ex
1060 2970 1151 3031 dono
1171 2971 1357 3050 subjaceret
1373 2971 1445 3052 regi
1463 2972 1630 3034 Henrico⁴

310 3272 316 3305 '
524 3285 533 3313 ¹
551 3276 594 3328 Le
611 3274 786 3344 temoignage
802 3273 837 3325 de
853 3280 936 3325 notre
951 3271 1102 3339 chronique
1113 3271 1240 3322 donnant
1256 3286 1329 3337 pour
1345 3275 1411 3337 pere
1428 3271 1513 3333 alde,
1528 3272 1632 3325 lemme

408 3359 524 3417 de
546 3364 648 3416 Conon
671 3363 707 3414 de
730 3360 888 3428 Montaigu,
914 3375 951 3410 un
975 3358 1081 3409 certain
1105 3357 1240 3409 Lambert
1263 3366 1305 3408 est
1328 3357 1465 3409 confirme
1485 3374 1536 3425 par
1557 3359 1642 3411 celui-

410 3446 508 3498 (Ρ
517 3450 650 3505 Asanam
670 3462 709 3501 nn
729 3448 995 3507 Taorsronramns,
1017 3444 1132 3506 MGH.‚
1154 3444 1218 3506 SS,
1237 3452 1258 3493 t.
1277 3443 1382 3506 Xlllll,
1405 3461 1433 3510 p.
1455 3444 1513 3506 816,
1535 3445 1639 3513 lequel.

415 3540 597 3597 Dracise
608 3537 678 3590 ainsi
693 3558 699 3586 ι
712 3533 871 3587 lambertus
880 3535 977 3584 senior.
997 3531 1051 3583 Sur
1068 3530 1187 3583 l’erreur
1198 3531 1233 3582 de
1247 3531 1373 3581 Butkens
1385 3538 1413 3582 et
1425 3541 1528 3593 autres,
1545 3534 1630 3582 attri-

418 3615 576 3680 bnans
594 3640 668 3694 pour
685 3631 799 3691 parents
815 3624 831 3672 a
850 3621 907 3683 Ide,
927 3621 1067 3671 Eustache
1080 3619 1107 3669 11
1120 3619 1155 3670 do
1168 3618 1315 3686 Boulogne
1331 3627 1360 3669 et
1379 3618 1428 3670 lde
1439 3619 1474 3669 de
1488 3617 1640 3681 Louvain„

310 3694 332 3750 ²5
423 3716 513 3767 &t
532 3731 583 3769 sur
600 3711 824 3766 l’identification
843 3712 900 3761 tres
917 3708 1057 3776 plausible
1073 3708 1108 3759 de
1127 3715 1209 3759 notre
1221 3706 1354 3759 Lambert
1366 3722 1433 3757 avec
1446 3705 1579 3758 Lambert
1591 3706 1627 3757 de

422 3793 575 3855 Foron
598 3816 635 3853 ou
657 3799 782 3859 Fouron,
804 3812 869 3864 voy.
888 3796 1023 3855 ROLAND,
1046 3794 1096 3844 Les
1115 3796 1251 3859 seigneurs
1269 3800 1293 3842 et
1312 3799 1407 3842 comtes
1426 3792 1456 3841 de
1473 3791 1625 3857 Rechesort,

423 3891 530 3957 Dp.
548 3902 596 3955 ¹09
608 3895 636 3939 et
647 3885 719 3938 suiv.

488 3989 495 3996 ·
516 3986 526 4013 ²
546 3974 705 4042 Montaigu,
718 3969 899 4037 dependance
919 3968 997 4019 dela
1016 3982 1168 4019 commune
1182 3966 1217 4017 de
1235 3966 1379 4017 Marcourt
1397 3966 1623 4035 (Luxembourg,

434 4049 611 4123 Marche,
623 4057 776 4124 Laroche).
1602 4089 1606 4093 .

343 4136 389 4217 3⁰
516 4159 527 4197 s
547 4149 603 4203 Sur
621 4163 667 4200 ces
685 4147 760 4199 deux
778 4144 822 4195 fils
841 4144 876 4196 de
892 4143 992 4194 Conon
1011 4149 1039 4192 et
1056 4140 1134 4191 d'lde
1154 4157 1160 4191 :
1183 4140 1326 4201 lambert,
1345 4139 1393 4206 qui
1414 4138 1455 4189 lut
1477 4150 1569 4190 comte
1589 4140 1624 4191 de

454 4226 632 4304 Montaigu
651 4242 680 4286 et
696 4234 732 4285 de
747 4231 896 4283 Clermont
912 4228 1095 4296 (und-1147),
1113 4236 1142 4277 et
1160 4227 1259 4287 Henri,
1277 4227 1325 4293 qui
1341 4226 1438 4277 devint
1454 4226 1625 4276 archidiacre

463 4320 517 4376 de
540 4324 629 4391 Liege
652 4330 680 4373 et
704 4298 804 4387 prevbt
828 4318 865 4369 du
890 4316 1016 4382 chapitre
1036 4315 1071 4365 de
1093 4314 1201 4374 Fosses,
1224 4329 1289 4379 vor.
1312 4313 1446 4373 Roman,
1468 4330 1543 4362 outtr.
1564 4314 1622 4374 citt,

468 4418 530 4475 pp.
547 4423 591 4460 111
606 4414 635 4458 et
647 4406 719 4458 suiv.
732 4402 791 4455 Cir.
805 4415 843 4453 nn
857 4401 1033 4461 blaausrra,
1046 4415 1112 4448 orror
1134 4401 1192 4459 cite,
1206 4414 1253 4464 pp.
1267 4412 1315 4461 443
1328 4405 1355 4448 et
1368 4398 1440 4450 suiv.

515 4507 528 4541 t
546 4494 587 4548 La
606 4507 714 4560 preuve
731 4505 786 4558 que
804 4488 930 4555 l'abbaye
948 4487 983 4537 de
1002 4484 1284 4551 Starelot-Malmedy
1301 4493 1343 4535 est
1361 4484 1451 4535 restee
1469 4484 1593 4534 soumise
1604 4486 1624 4549 ‚a

418 4583 456 4649 35
486 4577 577 4634 Henri
595 4579 634 4632 tv
653 4577 814 4644 al¹epoque
832 4576 870 4626 du
887 4575 1008 4625 schisme
1024 4588 1096 4623 nous
1112 4580 1154 4623 est
1171 4570 1281 4622 lournie
1298 4587 1348 4637 par
1365 4587 1403 4621 un
1420 4570 1545 4636 dipldme
1565 4589 1570 4623 :
1588 4585 1623 4621 en

452 4659 460 4667 ”
489 4670 560 4735 1089,
579 4667 607 4719 le
626 4678 656 4717 22
669 4662 840 4723 novembre,
861 4661 951 4712 Henri
971 4660 1018 4720 IV,
1036 4662 1051 4709 a
1069 4658 1094 4709 la
1113 4659 1250 4709 demande
1267 4658 1302 4710 de
1320 4657 1410 4710 l’abbe
1428 4657 1579 4723 Rodolphe
1597 4666 1624 4708 et

489 4736 521 4806 δι’
535 4768 581 4805 ses
600 4742 710 4804 moines
727 4742 857 4816 (abbatem
875 4740 1025 4813 Radulsum
1038 4775 1070 4782 —
1083 4774 1115 4781 -
1127 4775 1160 4783 -
1173 4761 1218 4794 nos
1235 4761 1297 4794 cum
1316 4744 1452 4794 enonacltis
1468 4746 1524 4794 suis
1541 4746 1626 4794 adisse

491 4842 563 4879 -24-
573 4836 650 4888 -—'·et
662 4835 808 4907 postulasse
822 4862 857 4872 ——-
868 4863 901 4871 -
914 4836 970 4899 —),
988 4830 1124 4883 confirme
1139 4847 1194 4882 aux
1212 4834 1384 4882 monasteres
1401 4830 1439 4881 de·
1454 4830 1579 4881 Stavelot
1596 4838 1623 4880 et

491 4928 521 4979 de
537 4923 683 4991 Malmedy
700 4923 777 4974 letirs
792 4920 966 4989 possessions
982 4929 1010 4971 et
1027 4918 1191 4969 immuniter,
1206 4927 1241 4969 et·
1249 4917 1292 4968 les
1308 4917 1451 4983 premunit
1468 4925 1566 4968 contre
1584 4916 1646 4964 les-
