4450 6125
543 874 619 927 {20
750 845 1064 926 Gustatorium
1093 849 1187 925 sive
1222 845 1472 927 Chronicon

536 1144 603 1207 Nec
626 1143 723 1222 prius
745 1142 887 1214 abstitit,
908 1160 1014 1221 quam
1037 1142 1221 1203 duodecim
1246 1143 1352 1204 libras
1371 1141 1594 1204 denariorum
1615 1159 1681 1221 pro

536 1243 767 1306 conducendis
787 1242 952 1321 operariis
972 1243 1012 1302 ad
1035 1243 1198 1303 eumdem
1219 1243 1398 1304 tumulum
1418 1242 1681 1321 deplanandum

537 1347 731 1424 deputaret.
754 1350 868 1422 preter
887 1361 944 1403 eos
963 1343 1022 1423 qui
1045 1351 1127 1404 tunc
1146 1344 1253 1404 exacti
1273 1351 1507 1405 convenerant
1520 1343 1563 1406 ad
1579 1344 1682 1405 castri

538 1445 832 1507 destructionem·

579 1611 639 1669 49.
654 1606 734 1681 (03.)
758 1606 824 1666 Per
837 1606 953 1665 idem⁶
969 1615 1107 1684 tempus
1124 1605 1295 1668 Richeldis
1309 1605 1481 1668 comitissa
1493 1604 1684 1669 Montensis
1724 1623 1736 1674 5

541 1703 700 1769 rediensl
717 1705 825 1767 Roma
841 1722 901 1783 pcr
917 1703 1037 1766 fiscum
1053 1723 1157 1767 suum
1173 1705 1395 1767 caviniacum
1406 1704 1555 1768 transire
1567 1705 1686 1787 dispo-

540 1816 666 1869 suerat.
685 1804 793 1883 Cujus
808 1805 993 1867 transitum
1016 1824 1097 1867 cum
1120 1808 1341 1884 persensisset
1362 1807 1565 1886 arnulphus
1586 1807 1687 1870 cnis-

541 1906 720 1982 niacensis,
748 1918 785 1968 ut
811 1916 884 1968 erat
909 1907 1048 1969 audacis
1076 1908 1207 1969 malicie
1220 1910 1242 1974 ¹.
1266 1909 1443 1971 insecutus
1463 1927 1541 1971 eam
1564 1927 1688 1991 capere

541 2010 651 2070 voluit
663 2009 685 2069 ².
718 2008 830 2083 Quem
858 2008 926 2068 Deo
955 2009 1095 2085 iuvante
1124 2008 1300 2090 effugiens
1324 2010 1367 2071 ad
1389 2010 1566 2073 ecclesiam
1597 2012 1686 2073 beati

544 2108 687 2169 liuberti
717 2107 875 2177 divertit,
912 2118 946 2168 et
979 2107 1226 2171 officiosissime
1255 2111 1298 2171 ab
1323 2111 1444 2172 abbate
1473 2110 1688 2174 Theoderico
1716 2130 1745 2169 ιο

542 2217 695 2287 excepta,
712 2225 773 2286 per
788 2209 993 2269 ebomadam
1008 2210 1044 2269 in
1061 2210 1134 2271 loco
1153 2228 1340 2289 repausans
1361 2211 1526 2275 substitit.
1544 2210 1688 2274 lnterim

543 2307 693 2370 fratrum
708 2305 872 2388 religidne
884 2320 1061 2387 perspecta
1073 2310 1268 2391 diligenter,
1282 2322 1315 2372 et
1328 2311 1511 2391 multiplici
1523 2312 1690 2393 obsequio

543 2409 607 2471 sibi
632 2408 786 2470 hilariter
806 2409 963 2488 impenso
984 2411 1165 2481 delectata.
1190 2410 1413 2474 Caviniacum
1433 2412 1540 2493 quod,
1558 2421 1598 2474 ut
1613 2430 1689 2491 pre·

544 2510 678 2573 dictum
701 2520 751 2572 est
763 2501 785 2584 ³,
808 2511 923 2573 abbati
947 2512 1153 2590 deposuerat
1176 2513 1211 2572 in
1235 2513 1388 2586 vadium,
1410 2511 1537 2592 optulit
1551 2512 1689 2575 ecclesie

546 2612 702 2674 funditus
713 2611 936 2673 emendum⁴.
954 2612 1053 2687 Quod
1076 2630 1157 2674 curn
1178 2613 1293 2675 abbati
1315 2612 1480 2694 omnique
1500 2630 1689 2697 congrega·
1720 2634 1746 2685 ις

545 2714 628 2773 tioni
646 2713 806 2792 placeret,
824 2713 1003 2773 communi
1020 2730 1187 2774 consensu
1202 2714 1274 2775 dies
1290 2712 1420 2793 prefixa
1435 2720 1486 2774 est
1499 2715 1690 2794 coemptio-

547 2815 600 2875 nis
625 2814 730 2891 bujus
755 2813 898 2893 agende‚
928 2824 962 2874 et
991 2814 1054 2873 boc
1079 2832 1194 2875 coram
1225 2814 1383 2893 episcopo
1412 2814 1506 2894 apud
1536 2825 1691 2876 castrum

548 2915 710 2976 Fosscnse
727 2904 748 2975 ⁵.
776 2914 982 2975 Procuratus
1004 2924 1054 2975 est
1076 2932 1214 2995 quoque
1236 2914 1284 2975 illi
1307 2931 1421 2976 comes
1444 2907 1630 2977 Albertus⁶
1648 2915 1692 2975 ab

580 3096 607 3128 n.
621 3076 714 3128 iddem
728 3077 765 3125 Α.
780 3103 810 3112 -
823 3074 846 3125 l.
867 3075 946 3125 Dans
957 3076 1006 3136 A„
1021 3075 1148 3127 redicens
1165 3093 1234 3126 corr.
1247 3094 1299 3140 par
1309 3078 1511 3143 exponetuation
1524 3093 1556 3126 en
1570 3076 1692 3129 rediens.

585 3337 591 3363 ¹
613 3350 624 3371 ι
640 3328 750 3379 Ληιυυὶ
765 3327 800 3385 11,
814 3338 907 3378 comte
925 3327 959 3378 de
972 3328 1076 3394 l'hiny,
1090 3328 1158 3378 ctait
1170 3330 1331 3379 coutumicr
1342 3328 1377 3379 de
1390 3344 1421 3380 cc
1433 3344 1520 3397 genre
1530 3328 1695 3397 d’exploits.
1723 3345 1755 3383 ro

553 3415 595 3465 En
613 3416 684 3473 1080,
696 3414 714 3463 il
728 3414 817 3464 s'e'tait
830 3414 943 3479 ampare'
956 3413 990 3464 de
1004 3414 1029 3464 la
1042 3430 1182 3480 personne
1194 3412 1313 3466 d'llenri
1328 3415 1373 3476 1⁸⁸,
1383 3415 1492 3482 irione
1503 3415 1539 3467 de
1552 3415 1649 3485 hege,
1659 3432 1695 3469 en

546 3498 634 3553 'route
653 3517 725 3567 pour
744 3499 844 3557 Ruina
858 3511 885 3551 ct
905 3501 997 3551 l'avait
1017 3501 1158 3563 rancunno
1176 3511 1432 3566 outrageusement.
1446 3518 1477 3553 ce
1495 3504 1544 3569 qui
1563 3502 1604 3555 lui
1621 3504 1696 3564 aitait

552 3589 615 3639 valu
644 3604 698 3638 une
721 3587 947 3637 admonestation
972 3587 1069 3637 serere
1093 3587 1128 3637 de
1152 3586 1290 3654 (ircgoire
1312 3587 1375 3638 Vll.
1398 3588 1470 3656 Vos.
1496 3591 1645 3641 linum
1668 3600 1695 3643 et

553 3674 690 3731 Duum,
705 3672 883 3739 implemini
904 3672 1036 3734 t‘nllecnn,
1051 3683 1069 3723 t.
1088 3672 1176 3732 1‚c‹›l.
1191 3674 1249 3737 653.
1263 3684 1291 3724 et
1309 3673 1412 3734 lass-rt,
1427 3673 1606 3726 Monumenla
1626 3674 1698 3729 Gre-

550 3764 673 3827 goriuna‚
688 3776 715 3824 p.
731 3772 788 3823 397.
805 3780 816 3803 s
832 3757 907 3809 Note
919 3758 954 3809 dc
966 3762 975 3804 l
982 3760 1001 3807 i.
1019 3759 1138 3819 Kt'lt'sll,
1151 3776 1226 3809 riuis.
1240 3762 1299 3814 circ,
1316 3771 1335 3811 t.
1352 3760 1372 3820 1,
1387 3776 1414 3826 p.
1430 3762 1470 3824 58.
1483 3777 1513 3814 ιι.
1530 3776 1552 3816 ι.
1727 3777 1757 3829 25

588 3858 596 3883 ³
615 3848 794 3907 (lisinnias,
807 3846 956 3895 chronicon
971 3845 1152 3899 llannniensc.
1167 3862 1191 3898 c.
1203 3860 1232 3911 ²7
1247 3847 1305 3911 (id.
1319 3846 1588 3910 Vasnsaxrunm,
1599 3865 1627 3917 p.
1638 3852 1698 3917 45),

553 3945 637 3986 conte
654 3934 680 3983 le
699 3936 789 3983 meme
802 3932 926 3996 ipisode,
942 3934 1019 3989 nisis,
1035 3948 1083 3997 par
1103 3948 1159 3982 unc
1175 3931 1322 3983 confusion
1340 3933 1388 3999 qui
1408 3948 1443 3983 ne
1463 3932 1621 4001 s'explique
1639 3949 1699 4001 pas,

554 4037 588 4072 au
602 4021 658 4071 lieu
672 4020 706 4070 de
722 4018 860 4075 Riehildc.
876 4018 894 4067 il
905 4034 921 4083 y
936 4016 983 4067 isit
998 4019 1154 4068 interve-nir
1169 4018 1213 4068 lda
1226 4019 1261 4069 de
1276 4018 1412 4077 [συνείη.
1427 4018 1530 4070 lemme
1547 4019 1586 4071 du
1604 4034 1700 4074 comte

558 4108 705 4159 liaudnuin
725 4105 748 4156 ll
767 4106 802 4157 dc·
824 4105 957 4156 lisinaut.
978 4104 1031 4155 Les
1049 4105 1123 4155 deux
1146 4105 1229 4155 rccits
1246 4106 1418 4156 concordent
1436 4119 1510 4171 pour
1527 4105 1555 4157 le
1573 4116 1658 4168 reste,
1671 4118 1700 4160 et

555 4195 629 4247 colui
641 4194 676 4245 de
688 4192 831 4243 (iislebert
845 4194 943 4258 parsit,
954 4207 1064 4242 comme
1075 4207 1147 4242 nnus
1160 4192 1266 4242 larona
1277 4191 1417 4257 plusieurs
1426 4191 1698 4260 loisdejacommk,
1730 4211 1763 4261 30

555 4285 668 4336 derives
680 4282 714 4332 dc
728 4290 809 4330 notre
824 4280 984 4346 t'lrram'puc.
999 4278 1073 4328 (Hcs
1087 4308 1118 4315 -
1131 4306 1162 4315 -
1175 4307 1204 4316 -
1220 4278 1335 4329 Ronmm
1349 4308 1380 4316 —
1393 4307 1424 4316 -
1438 4307 1470 4317 -
1481 4279 1550 4329 ariis
1566 4308 1598 4319 -
1610 4308 1645 4319 -
1655 4308 1700 4336 -.

508 4401 513 4408 ·
558 4372 649 4420 l'ontrs
664 4369 776 4433 (ζιήιίιτι
788 4384 810 4414 cr
829 4365 944 4414 insultus
964 4363 1086 4413 uiolentos
1097 4363 1205 4427 ¹furiens
1218 4380 1275 4413 tasin
1290 4380 1382 4429 capere
1394 4363 1485 4415 ruluil.
1502 4362 1560 4431 Qut
1570 4364 1607 4415 ad
1616 4364 1701 4417 eccle-

560 4460 625 4504 sium
640 4455 734 4502 Nomii
747 4451 980 4515 llulcrritugtem
997 4480 1023 4487 -
1039 4480 1069 4488 -
1083 4463 1131 4515 -)

593 4551 601 4584 l
621 4543 692 4607 Vns.
706 4541 848 4596 cidissus,
863 4554 889 4603 p.
905 4538 948 4587 bb.

592 4640 602 4665 ⁴
622 4628 675 4677 Sur
687 4637 761 4676 cette
774 4634 857 4674 sente
869 4625 904 4673 dc
916 4625 1074 4690 (besigny,
1089 4639 1154 4690 roy.
1170 4622 1364 4682 laniuntur,
1381 4639 1458 4676 oum.
1474 4625 1534 4687 citt,
1548 4638 1598 4691 pp.
1611 4632 1699 4690 :9301
1731 4636 1763 4691 35

559 4730 631 4764 suiv.
645 4712 702 4761 l'lr.
717 4712 752 4762 li.
770 4709 887 4763 Kt'ltttl.
899 4726 974 4759 nunt
993 4713 1053 4769 cili,
1068 4721 1088 4759 t.
1105 4707 1125 4763 l.
1141 4725 1188 4774 pp.
1203 4722 1232 4773 57
1246 4720 1273 4759 et
1286 4709 1359 4759 suiv.

594 4808 600 4827 ⁴
624 4799 706 4849 ΗΜ·
720 4796 854 4861 (Nauius,
869 4795 986 4854 Namur.
1001 4794 1133 4846 chel-lieu
1146 4796 1181 4845 du
1194 4799 1322 4860 canton).

592 4898 603 4920 '¹
622 4888 690 4939 Sans
702 4886 788 4937 doute
803 4885 900 4935 ,libert
917 4883 967 4941 ΙΙΙ,
980 4894 1074 4934 comte
1086 4884 1122 4933 de
1136 4881 1253 4941 Naniur,
1268 4883 1336 4933 dunt
1350 4883 1369 4933 il
1382 4892 1424 4933 est
1442 4882 1574 4951 question
1594 4882 1700 4937 mainis

559 4975 612 5027 lois
622 4975 692 5025 dans
704 4972 729 5024 la
744 4970 911 5036 curamue,-
925 4985 989 5034 νος.
1003 4968 1146 5027 cide-ssia,
1161 4983 1208 5033 pp.
1222 4981 1264 5029 ⁴2,
1278 4970 1320 5032 67.
