4450 6125
877 880 1031 962 Sancti
1065 879 1276 961 Huberti.
1571 882 1647 984 143

712 1174 758 1243 [Si
768 1173 816 1224 tibi
826 1183 883 1224 erat
894 1173 999 1224 libitum
1012 1173 1164 1223 litterarum
1177 1171 1312 1239 laudibus]

725 1260 815 1311 Floris
827 1277 953 1311 cacumen
968 1269 1054 1310 nostre
1058 1261 1137 1325 same
1142 1259 1274 1323 frangere

712 1345 858 1414 [Curcum
872 1346 987 1412 erigebam
1001 1345 1125 1396 irieinltris
1133 1344 1386 1413 meretricantibus}

728 1432 887 1497 Sattssacere
896 1430 992 1499 populo
1007 1430 1043 1498 [et
1053 1429 1102 1480 tali
1113 1435 1304 1498 cumpateram
1318 1433 1383 1492 zara,

727 1517 789 1569 Non
794 1517 942 1582 siccihilem
955 1534 996 1566 me
1007 1519 1175 1567 concttruasti
1187 1524 1216 1566 ut
1227 1518 1370 1581 carperes?

725 1609 854 1660 Nuncine
865 1626 906 1659 me
918 1609 1020 1658 deicis?
1032 1609 1103 1675 que?
1118 1607 1190 1673 Quid
1200 1609 1236 1657 ad
1246 1625 1351 1657 scenam
1362 1608 1476 1673 adfiro?

724 1696 853 1747 Decorem
858 1696 950 1761 sarrire
962 1713 997 1744 ari
1010 1696 1166 1761 dignitatem
1179 1697 1305 1760 corperis,

724 1785 825 1833 Animi
836 1785 960 1832 uirtutem
973 1800 1008 1831 an
1025 1784 1092 1831 uocis
1100 1782 1217 1844 jocunde
1228 1780 1355 1850 sonuml]

729 1867 765 1918 Ut
775 1867 870 1917 ludera
882 1883 987 1932 serpens
1000 1868 1067 1916 uires
1079 1864 1201 1916 arderetis
1214 1874 1298 1927 necat,

724 1952 768 2002 Ita
782 1969 823 2003 me
834 1960 948 2003 uetustas
963 1950 1113 2021 [amplexu]
1129 1968 1264 2002 annerum
1280 1949 1381 2019 [enecat

724 2039 867 2105 Sepulchri
876 2040 975 2090 similis
988 2039 1060 2090 nihil
1070 2041 1125 2088 nisi
1137 2055 1229 2088 neteten
1243 2037 1366 2107 retineo}

542 2204 578 2254 In
603 2204 675 2270 ipsa
698 2212 809 2254 autem
830 2204 966 2255 actione
988 2203 1133 2254 subinde
1154 2217 1220 2269 quo
1238 2209 1394 2267 poterata
1416 2201 1533 2253 habitu
1556 2203 1651 2253 velut

507 2290 621 2359 flagris
639 2304 735 2341 cesus
754 2290 1035 2355 precipientique
1051 2287 1106 2357 [se]
1123 2288 1136 2327 l
1154 2287 1293 2348 similis,
1313 2287 1525 2339 exclamabat
1550 2303 1651 2355 super

506 2375 673 2425 inductoc
695 2373 760 2425 sibi
784 2374 929 2439 quodam
954 2373 1080 2439 juvene
1105 2372 1191 2439 Syro
1220 2372 1357 2422 nomine
1383 2370 1506 2422 Publio
1531 2388 1537 2423 :
1563 2371 1649 2423 Porro

443 2468 473 2518 15
509 2460 635 2526 Quirites,
655 2460 782 2526 inquit,
802 2458 946 2509 libertatem
959 2459 1111 2527 perdimus,
1128 2464 1156 2508 et
1174 2456 1341 2523 paulopost
1359 2465 1523 2523 protenso
1540 2457 1649 2525 digito

504 2555 583 2597 ante
606 2546 762 2598 Cesarem
787 2545 985 2597 discurrens
1004 2543 1190 2610 adjiciebat
1205 2544 1222 2581 d
1240 2542 1370 2593 :Necesse
1386 2550 1423 2592 est
1439 2542 1535 2593 multos
1547 2545 1647 2605 timeat,

504 2649 580 2699 quem
594 2630 675 2683 ruulti
690 2633 793 2684 timent.
811 2631 877 2697 Quo
893 2631 969 2681 dicto
988 2630 1113 2680 universi
1130 2628 1230 2679 oculos
1248 2637 1276 2678 et
1292 2642 1341 2678 ora
1357 2628 1391 2678 ad
1408 2627 1500 2679 solum
1518 2629 1647 2680 Cesarem

503 2735 685 2788 convertunt,
703 2734 835 2778 notantes
853 2725 1048 2792 impotentiam
1066 2723 1126 2789 ejus
1144 2724 1194 2773 hac
1206 2723 1352 2774 dicacitate
1366 2722 1527 2788 lapidatam.
1545 2717 1648 2778 Cesar

504 2834 620 2885 tamen
636 2822 836 2885 furoremin
849 2821 1029 2902 pubiicum
1043 2827 1151 2878 vertit
1172 2826 1336 2891 savorem,
1361 2827 1503 2893 palmam
1526 2825 1648 2878 Publio

439 2937 474 2973 20
503 2932 537 2974 et
565 2922 754 2973 annulum«
788 2937 925 2973 aureum
956 2922 1084 2973 donans
1113 2921 1275 2973 Laberio,
1306 2921 1399 2973 Tunc
1436 2921 1575 2973 Publius
1609 2922 1647 2973 ad

504 3008 686 3060 Laberium
705 3008 922 3060 recedentem
940 3008 988 3058 ait
1007 3024 1012 3060 :
1042 3007 1117 3074 Qui¹
1131 3009 1288 3057 contendisti
1298 3009 1420 3074 scriptor,
1435 3007 1508 3058 hunc
1519 3016 1647 3074 spectator

501 3095 617 3148 subleva.
640 3096 703 3147 Sed
727 3095 894 3146 Laberius
918 3109 1006 3145 novo
1031 3095 1133 3146 mimo
1157 3096 1216 3145 hos
1240 3110 1359 3145 versus
1383 3094 1529 3161 subjecit
1550 3113 1555 3146 :

720 3261 781 3312 Non
796 3268 908 3330 possunt
922 3264 1009 3329 prinei
1025 3278 1077 3311 esse
1094 3278 1183 3311 omnes
1199 3264 1274 3311 arteni
1290 3269 1412 3327 teaepare.

722 3348 867 3398 Surrentum
877 3348 1035 3414 adgraditur
1047 3364 1109 3397 curu
1123 3347 1254 3397 claritatis
1267 3349 1375 3397 ueneris.

725 3435 855 3484 Ceust'stes
866 3451 934 3499 egre,
947 3442 971 3484 et
982 3436 1062 3484 citius
1074 3451 1153 3501 quam
1167 3434 1304 3484 descendas
1316 3435 1414 3483 decides
1424 3442 1442 3483 ².

723 3520 813 3571 Cecidi
822 3538 875 3586 ega,
889 3522 962 3570 cadet
974 3524 1021 3588 qui
1031 3523 1159 3588 sequitur,
1173 3519 1233 3571 laus
1244 3529 1269 3570 ct
1276 3520 1392 3589 publica.

720 3607 885 3672 Beneficium
898 3608 984 3656 dando
996 3607 1125 3672 accepit!
1137 3608 1184 3672 qui
1194 3608 1273 3672 digno
1285 3608 1363 3658 dedit.

718 3694 811 3756 Feras,
826 3711 876 3743 uon
890 3693 987 3762 culpes,
1002 3695 1069 3760 quod
1080 3696 1212 3743 tteeetarib'
1229 3711 1280 3743 nan
1291 3699 1381 3766 potest.

722 3779 776 3831 Cui
783 3785 848 3848 plus
859 3780 920 3829 licet
932 3796 1011 3846 quam
1019 3785 1074 3847 par
1085 3788 1131 3844 est,
1144 3780 1205 3845 plus
1219 3779 1366 3847 antiquam
1378 3779 1448 3831 licet.

723 3866 814 3915 Cautes
823 3865 983 3927 facunduslt
996 3868 1024 3914 ire
1038 3868 1080 3914 uia
1091 3882 1140 3930 pro
1152 3864 1270 3916 vesticula
1280 3875 1325 3919 est.

719 3953 877 4019 Frugalitas
890 3955 998 4003 miseria
1010 3961 1047 4002 est
1058 3955 1177 4003 rumoris
1189 3952 1257 4004 boui.

719 4038 835 4089 Heredis
848 4040 858 4078 ἱ
865 4040 950 4104 fletus
961 4038 1008 4089 sub
1018 4056 1130 4104 persona
1141 4042 1214 4090 risus
1225 4047 1270 4090 cst.

718 4125 810 4176 Furor
813 4126 851 4190 fit
862 4125 914 4176 lesa
926 4128 1013 4193 sepius
1024 4128 1163 4191 peitientia.

528 4309 558 4345 a.
573 4296 656 4357 potat
667 4291 704 4340 A.
717 4320 749 4327 —
765 4290 788 4344 b.
802 4291 923 4359 eilauque
934 4292 1001 4340 daus
1012 4292 1036 4341 A
1044 4308 1057 4347 ,·
1063 4292 1093 4354 je
1104 4290 1211 4342 ritablis
1223 4291 1324 4357 capies
1336 4289 1468 4341 iilacrobe.
1482 4319 1515 4326 -
1525 4306 1548 4339 c.
1563 4288 1642 4338 Dans

415 4401 431 4451 3
435 4399 450 4449 5
486 4381 532 4441 A,
544 4376 659 4428 indicto
671 4392 739 4428 cerr.
747 4383 800 4444 par
811 4377 835 4428 le
845 4376 927 4428 scribe
937 4394 968 4427 eu
981 4377 1107 4430 inductu.
1119 4406 1151 4414 -
1163 4378 1188 4429 d.
1201 4377 1335 4428 aditiebat
1346 4378 1384 4429 A.
1395 4393 1452 4425 -e
1474 4375 1589 4425 anulum
1603 4375 1639 4424 A.

484 4464 563 4532 -s.
580 4462 684 4529 accipit
695 4464 732 4515 A.
746 4493 778 4501 -
791 4481 818 4530 g.
831 4479 889 4515 non
908 4464 1010 4514 mutari
1027 4464 1102 4530 quod
1122 4479 1178 4515 non
1197 4471 1291 4530 potest
1303 4465 1340 4515 A.
1360 4493 1392 4501 —
1409 4463 1437 4515 le.
1458 4462 1591 4513 iacondus
1602 4463 1640 4515 A.

481 4555 552 4602 -ιζ
571 4548 736 4600 herodisA.

475 4719 785 4743 μ

518 4854 528 4882 ¹
552 4840 642 4894 Dans
654 4837 796 4903 Macrobe,
809 4857 844 4893 au
856 4841 913 4893 lieu
927 4842 961 4892 de
974 4844 1028 4909 qui,
1042 4857 1079 4893 on
1092 4841 1126 4892 lit
1138 4841 1256 4907 quicum.

515 4941 526 4968 ²
552 4926 642 4981 Dans
654 4923 796 4990 Macrobe,
809 4943 844 4979 au
856 4927 913 4979 lieu
926 4928 961 4978 de
973 4928 1111 4977 descendas
1121 4926 1228 4987 decides,
1242 4940 1279 4975 un
1292 4923 1325 4973 lit
1336 4924 1458 4975 escendas
1469 4924 1552 4973 cades.
