4450 6125
609 824 691 911 228
820 823 1131 903 Cantatorium
1160 823 1253 900 siue
1288 818 1537 903 Chronioon

607 1125 731 1199 ceteris,
750 1140 807 1182 nos
822 1121 919 1202 quasi
932 1119 1150 1196 simpliciores
1170 1124 1199 1178 et
1217 1119 1380 1180 tardiores
1394 1119 1605 1197 informavit,⁸
1621 1122 1666 1182 ad
1680 1121 1749 1199 eius

607 1226 829 1303 defensionem
845 1223 942 1283 ctiam
957 1239 1030 1281 cum
1043 1219 1190 1296 periculo
1204 1220 1266 1281 vite
1281 1225 1390 1281 nostre
1403 1224 1590 1300 exemplum
1604 1229 1749 1286 uestrum

609 1329 761 1391 armauit.
780 1323 952 1399 Quomodo
966 1340 1047 1401 ergo
1063 1323 1157 1383 uerbo
1173 1321 1234 1383 Dei
1251 1322 1407 1383 inimicus
1431 1323 1529 1385 bomo
1550 1328 1752 1402 supersemi-

610 1432 698 1492 navit
727 1427 875 1489 zizania?
906 1424 1076 1498 Quomodo
1104 1425 1140 1483 in
1169 1441 1254 1502 agro
1282 1424 1391 1485 cordis
1419 1425 1519 1486 uestri
1543 1427 1753 1505 germinavit

609 1534 704 1611 spina
719 1535 748 1591 et
763 1527 908 1589 tribulus
922 1530 1010 1586 tante
1025 1525 1244 1584 inconstantis
1257 1528 1286 1584 el
1301 1524 1611 1588 dissimilitudinis?
1635 1528 1753 1591 Mons-
1796 1545 1812 1602 ι

611 1639 724 1694 truosa
754 1630 851 1708 plane
878 1630 1002 1687 constat
1030 1625 1269 1686 dissimilitudo
1299 1630 1329 1686 et
1362 1626 1497 1687 omnino
1524 1628 1755 1692 detestabilis·

611 1751 722 1795 coram
738 1731 814 1801 Deo,
832 1728 921 1807 apud
942 1745 1037 1806 quem
1059 1727 1153 1786 nulla
1174 1730 1220 1786 est
1241 1727 1477 1789 transmutatio
1499 1747 1557 1790 nec
1583 1731 1755 1795 uicissitu-

611 1834 702 1896 dinis
717 1829 935 1902 obumbratio,
955 1832 991 1888 ut
1005 1827 1125 1907 quibus
1140 1828 1359 1889 assertoribus
1366 1826 1506 1904 firmata
1527 1837 1574 1892 est
1593 1835 1754 1896 sententia

612 1953 711 2015 quam
741 1937 895 2001 tenemus,
922 1928 1039 1989 eisdem
1069 1928 1298 2003 desertoribus,
1326 1934 1487 2008 quantum
1517 1933 1551 1992 in
1580 1932 1665 2010 ipsis
1692 1940 1751 2011 est,

612 2033 783 2111 infirmata
804 2035 1021 2107 pervertatur.
1045 2027 1084 2089 Si
1105 2029 1191 2089 enim
1213 2035 1285 2107 post
1305 2035 1350 2091 tot
1371 2033 1528 2094 ventilata
1541 2031 1627 2111 fidei
1643 2036 1754 2099 cbris-
1782 2052 1808 2092 ιο

611 2140 698 2197 tione
720 2133 918 2204 testimonia,
944 2136 980 2191 ut
1004 2137 1033 2191 et
1060 2150 1118 2192 nos
1143 2136 1173 2192 et
1197 2149 1253 2193 vos
1276 2134 1481 2209 seduceretis,
1506 2141 1620 2198 contra
1644 2136 1754 2201 Deum

610 2237 770 2309 sensistis,
795 2235 932 2296 omnino
953 2233 1143 2311 probamini
1164 2233 1310 2307 heretici,
1335 2240 1364 2296 et
1384 2235 1457 2296 ideo
1479 2235 1514 2296 in
1537 2237 1669 2299 ecclesia
1692 2239 1756 2302 Dei

611 2338 787 2400 secundum
801 2353 913 2397 sacros
928 2352 1078 2406 canones,
1096 2333 1225 2394 nullius
1246 2336 1464 2409 promotionis
1479 2338 1529 2398 uel
1543 2340 1756 2402 auctoritatis

613 2439 753 2501 habendi
772 2436 860 2509 estis,
876 2437 1047 2515 solumque
1067 2435 1159 2496 vobis
1180 2435 1288 2496 locum
1310 2437 1484 2514 penitentie
1504 2439 1617 2500 sciatis
1639 2440 1676 2500 in
1696 2443 1756 2503 hoc

613 2557 790 2619 superesse,
807 2543 843 2598 ut
858 2537 988 2598 lbesum
1003 2541 1218 2614 preceptorem
1234 2538 1416 2600 reclametis
1430 2557 1449 2599 a
1466 2538 1574 2619 longe.
1591 2540 1632 2602 Si
1643 2548 1755 2605 aulem
1785 2559 1811 2612 ις

614 2639 761 2719 gloriam
776 2637 837 2699 Dei
851 2637 1081 2716 relinquentes,
1099 2641 1129 2696 el
1144 2641 1284 2697 uestram
1299 2638 1495 2700 constituere
1509 2639 1660 2717 uolentes,
1674 2642 1759 2720 facti

615 2742 692 2802 estis
716 2739 897 2817 apostatici,
921 2755 1036 2810 nonne,
1060 2737 1223 2815 siquidem
1245 2738 1284 2798 de
1305 2739 1471 2801 similibus
1493 2740 1579 2801 idem
1600 2745 1650 2803 est
1660 2742 1759 2822 judi·

616 2843 716 2911 cium,
734 2836 839 2916 effecti
861 2839 935 2899 estis
958 2838 1102 2899 membra
1125 2837 1262 2913 diaboti,
1286 2846 1323 2900 ut
1345 2841 1378 2900 in
1402 2841 1492 2902 uobis
1503 2842 1582 2920 jam
1602 2849 1760 2918 operetur

619 2941 814 3023 mysterium
827 2937 839 2976 l
862 2939 1070 3019 iniquitatis?
1092 2938 1137 2999 Et
1152 2957 1191 2999 ne
1205 2939 1355 3001 uideatur
1369 2941 1458 3003 vobis
1473 2942 1574 3004 nimis
1590 2942 1759 3021 injuriosa

618 3043 674 3105 laec
690 3045 802 3103 nostra
817 3040 984 3113 sententia,
1003 3039 1099 3101 uerbo
1113 3046 1143 3100 et
1163 3041 1312 3120 exemplo
1332 3046 1437 3104 vestro
1454 3042 1585 3120 jamdiu
1606 3045 1756 3122 probata,
1787 3064 1819 3105 ss

618 3143 777 3206 consulite
809 3142 910 3203 totius
940 3141 1096 3203 catlrotice
1125 3142 1378 3205 christianitatis
1409 3145 1566 3220 ecclesias,
1597 3148 1763 3212 consulite

619 3247 718 3307 etiam
739 3249 862 3305 vestras
885 3244 973 3320 apud
994 3262 1049 3304 vos
1070 3244 1297 3318 conscientias,
1322 3251 1436 3308 ulrum
1457 3265 1513 3309 uos
1536 3248 1573 3309 in
1595 3249 1649 3311 leis
1663 3268 1760 3312 cona·

621 3348 707 3409 tibus
729 3345 842 3406 uestris
865 3363 975 3405 coram
995 3343 1062 3404 Deo
1084 3346 1133 3405 uel
1152 3351 1316 3417 excusent,
1342 3346 1391 3406 vel
1412 3348 1590 3413 absolvant.
1615 3348 1661 3411 Et
1680 3369 1765 3431 quo-

623 3449 717 3509 modo
740 3445 855 3521 defecit
880 3452 987 3506 uestro
1015 3447 1121 3506 uirtus
1153 3451 1182 3506 et
1207 3450 1405 3521 constantia,
1431 3449 1492 3527 qui
1515 3450 1684 3514 nobiscum
1707 3471 1767 3528 per

622 3554 752 3611 exteras
783 3549 944 3626 regiones.
978 3553 1014 3607 ut
1042 3547 1254 3621 videbamini,
1284 3567 1345 3627 pro
1372 3567 1484 3612 amore
1513 3550 1644 3615 Christi
1674 3553 1769 3627 passi
1796 3571 1825 3624 ις

624 3650 846 3711 mendicitates
871 3655 901 3709 et
925 3648 1039 3720 exilia,
1067 3649 1166 3728 qnasi
1189 3646 1362 3728 cujusdam
1387 3652 1548 3732 martyrii
1570 3652 1702 3732 palmas
1732 3655 1768 3716 in

623 3755 792 3829 conspectu
814 3750 987 3810 bominum
1007 3749 1239 3827 preferebatist
1255 3750 1426 3823 Quomodo
1444 3753 1718 3818 scandalizantur
1732 3757 1769 3818 in

626 3858 765 3913 vestram
780 3850 979 3929 apostasiam
995 3850 1031 3910 in
1046 3850 1118 3911 suis
1133 3851 1230 3912 locis!
1248 3851 1505 3915 Scandalieatur
1518 3855 1554 3915 in
1569 3853 1661 3918 uobis
1678 3857 1771 3920 sedes

627 3952 805 4022 Remensis,
823 3950 1066 4024 Laudunensis‚
1088 3949 1248 4024 Melensis,
1269 3952 1495 4026 Virdunensis,
1514 3953 1691 4032 Yullsnsis,
1708 3975 1772 4039 que

627 4054 715 4117 uobis
730 4052 979 4128 preconantibus
994 4053 1147 4114 dolebant
1161 4054 1628 4129 omnino,sedadl1ucdoleal,
1642 4057 1771 4120 decolo-
1801 4077 1830 4125 3¹·

628 4155 787 4216 rationem
818 4154 983 4233 quondam
1012 4154 1276 4233 splendidissime
1303 4161 1333 4216 et
1361 4156 1614 4235 religiosissime
1642 4160 1774 4222 ecclesie

633 4255 830 4327 Leodiensis,
846 4255 901 4315 sed
923 4261 954 4313 et
975 4260 1084 4315 nostre
1099 4256 1357 4334 Andagincnsis.
1382 4255 1445 4317 Sed
1466 4261 1496 4318 el
1516 4257 1575 4318 ille
1595 4259 1776 4322 modernus

631 4358 699 4436 ejus
715 4358 798 4417 sedis
814 4356 954 4436 angelus
967 4356 989 4430 ¹,
1007 4374 1071 4417 non
1086 4357 1161 4417 bene
1176 4360 1279 4418 nostri
1296 4357 1468 4430 sollicitus,
1487 4358 1646 4422 instinctu
1668 4365 1778 4423 uestro

667 4523 691 4553 a.
711 4504 855 4556 destabilis
868 4503 904 4556 Α.
919 4533 951 4541 -
969 4503 991 4556 b.
1013 4504 1171 4555 misterium
1184 4506 1221 4557 A.

671 4732 677 4758 ¹
698 4725 827 4788 singulus.
843 4723 1015 4789 appellation
1027 4739 1103 4775 assez
1119 4723 1266 4791 ire'queme
1277 4724 1326 4775 des
1339 4740 1432 4791 papes,
1445 4725 1495 4778 dos
1506 4725 1631 4794 iniquos
1642 4735 1671 4778 et
1684 4729 1777 4782 meme
1805 4741 1833 4794 35
1850 4731 1928 4778 .ῖέ

635 4813 683 4863 des
702 4812 796 4864 abbis.
819 4812 881 4864 Ello
901 4822 1000 4863 trouve
1019 4813 1219 4863 certainenienl
1241 4827 1291 4864 son
1312 4813 1421 4878 origine
1438 4813 1507 4865 dans
1526 4827 1559 4867 ce
1579 4810 1639 4876 tiis,
1659 4829 1716 4883 que
1736 4815 1777 4870 Ια

635 4900 782 4949 Sacerdotes
796 4909 858 4949 sont
872 4898 985 4965 appulis
995 4899 1095 4964 Augen
1105 4899 1174 4950 dans
1187 4899 1368 4966 l’Apocnirpsc
1392 4898 1445 4951 Les
1458 4898 1618 4953 nombreux
1630 4901 1776 4970 exemplet
