4450 6125
565 838 643 920 252
769 839 1080 924 cantatorium
1111 845 1203 924 sive
1240 836 1492 924 chronicon

443 1157 514 1209 1105.
561 1153 698 1217 quoque
713 1153 861 1217 regnum
876 1136 1033 1216 abjurare
1048 1135 1278 1216 compelleret.
1302 1135 1328 1197 F
1329 1143 1403 1200 actv
1418 1143 1501 1198 sunt
1516 1134 1580 1198 hec
1595 1133 1699 1198 mille·

561 1236 650 1296 simo
665 1236 851 1298 centesimo
865 1245 960 1299 sexto
974 1236 1142 1300 incarnati
1156 1236 1257 1298 Verbi
1272 1253 1364 1298 anno
1374 1235 1396 1298 ¹.
1415 1233 1472 1300 Sic
1486 1243 1584 1314 pater
1599 1249 1620 1296 a
1634 1231 1700 1296 firio

563 1346 740 1406 tractatus,
757 1346 791 1399 et
807 1339 861 1400 vix
883 1338 925 1400 de
947 1338 1099 1400 custodia
1122 1340 1196 1416 ejus
1209 1338 1346 1417 elapsus
1361 1337 1384 1412 ²,
1400 1335 1583 1399 Coloniam
1600 1335 1699 1408 venit,

563 1436 625 1499 sibi
638 1439 1075 1518 sollempnitervolentibus
1088 1441 1271 1520 procedere
1284 1455 1352 1501 non
1363 1437 1548 1512 consensit,
1556 1437 1700 1520 indeque

566 1549 602 1602 ut
616 1537 780 1617 privatus,
795 1539 897 1602 nudis
910 1540 1054 1619 pedibus
1065 1531 1086 1610 ³,
1101 1539 1136 1601 in
1147 1539 1338 1619 asperrima
1350 1539 1487 1618 hyeme,
1496 1538 1701 1620 Aquisgrani
1739 1556 1750 1608 ς

567 1640 735 1718 palatium
771 1642 979 1718 peraccessit.
1015 1642 1180 1704 Otbertus
1210 1641 1329 1703 dolens
1361 1639 1422 1702 hoc
1453 1637 1606 1702 evenisse
1641 1638 1700 1714 ini,

569 1739 677 1820 magis
701 1749 818 1802 autem
843 1741 871 1802 si
898 1740 989 1804 filius
1016 1741 1205 1821 prevaleret
1227 1741 1354 1804 timens
1374 1738 1451 1814 sibi,
1474 1741 1574 1821 quasi
1596 1739 1703 1820 gratia

568 1837 752 1915 fidelitatis,
769 1841 916 1903 occurrit
932 1841 992 1915 ilii,
1006 1859 1203 1923 secumque,
1219 1850 1257 1904 ut
1271 1850 1343 1903 erat
1356 1838 1571 1904 vehementis
1585 1840 1702 1914 animi.

569 1942 671 2005 nimis
697 1953 824 2005 temere
838 1956 853 1981 ‘¹
883 1945 1053 2024 nimisque
1081 1944 1322 2025 imprudenter
1353 1941 1522 2006 Leodium
1547 1942 1701 2016 tdduxit.

567 2046 657 2123 quod
681 2062 715 2106 se
739 2047 888 2124 penitere
911 2064 992 2108 cum
1020 2047 1130 2120 vellet,
1154 2064 1220 2110 non
1243 2045 1349 2110 licuit.
1378 2044 1466 2108 Num
1493 2053 1611 2125 proter
1634 2044 1705 2122 ejus
1730 2065 1754 2106 vv

501 2228 505 2235 Ι
567 2163 781 2226 suorumque
808 2148 990 2225 impensas,
1019 2148 1183 2229 gravabat
1216 2165 1298 2212 eum
1326 2143 1542 2227 permaximo
1570 2144 1705 2224 provin·

569 2245 708 2310 cialium
732 2247 928 2328 principum
951 2248 1079 2311 ibidem
1101 2247 1379 2312 convenientium
1401 2245 1599 2318 assiduitas,
1622 2263 1706 2330 qvtoc

569 2346 694 2427 etipse
723 2350 813 2411 ultro
837 2352 1055 2422 convocabat,
1082 2359 1123 2412 ut
1147 2349 1369 2413 subvenirent
1394 2349 1466 2430 regi
1488 2345 1503 2388 ⁵
1531 2347 1706 2420 destituto.

569 2465 674 2530 agens
694 2459 728 2511 et
749 2448 848 2511 donis
869 2459 903 2513 et
925 2451 1103 2530 promissis
1125 2468 1168 2512 ne
1187 2447 1489 2514 confederarentur
1509 2447 1599 2523 filio:
1622 2447 1710 2514 filiun

571 2549 702 2612 interea
712 2568 792 2612 cum
808 2549 892 2614 facte
907 2551 971 2614 sibi
985 2550 1139 2614 fidelitati
1151 2552 1195 2613 ab
1206 2549 1349 2613 Otberto
1360 2550 1372 2586 ⁴
1382 2550 1575 2635 ceterisque
1586 2549 1708 2632 prinei·
1732 2571 1755 2622 u

573 2651 671 2728 pibus
690 2650 886 2726 confideret,
904 2662 937 2715 et
959 2652 1072 2714 Leodii
1093 2660 1176 2714 tunc
1197 2651 1325 2714 Pascha
1344 2650 1592 2718 celebrandum
1610 2650 1709 2716 duri·

574 2762 681 2825 naret,
699 2753 770 2831 ipse
785 2753 936 2815 residens
952 2755 1069 2834 Aquis,
1083 2760 1249 2816 trecentos
1264 2753 1331 2816 tere
1345 2753 1556 2832 optimatum
1570 2769 1710 2818 cuorum

575 2854 616 2915 ad
634 2855 753 2914 urbem
770 2854 936 2933 premisit,
953 2863 986 2916 et
1002 2856 1064 2916 hoc
1079 2854 1162 2917 feria
1176 2854 1296 2936 quinta
1313 2852 1551 2918 hebdomode‘
1564 2852 1709 2934 majoris.

577 2954 650 3013 Dux
676 2953 839 3015 Henricus
854 2946 877 3024 ⁵,
901 2973 919 3015 a
947 2952 1017 3016 tilio
1042 2956 1244 3028 subductus,
1268 2972 1347 3018 cum
1374 2964 1471 3035 patre
1492 2963 1577 3018 tunc
1601 2954 1710 3020 Leodii

609 3191 634 3223 a.
654 3172 734 3223 Dans
746 3173 783 3229 A,
797 3189 831 3222 on
842 3172 875 3223 lit
886 3174 970 3224 nimis
984 3184 1089 3225 temere
1101 3174 1278 3225 vehementis
1289 3173 1400 3235 animis,
1413 3174 1517 3241 emin
1527 3189 1560 3227 en
1573 3190 1602 3228 v.
1614 3188 1640 3228 ι.
1653 3188 1681 3227 n.
1693 3183 1712 3227 t.
1735 3192 1762 3233 io

577 3289 608 3297 -
625 3258 648 3311 b.
668 3262 741 3328 regis
753 3261 789 3311 A.
803 3289 834 3299 -
852 3277 875 3310 c.
894 3259 1049 3312 ebdomade
1061 3261 1098 3311 A.

583 3586 690 3641 iimo
709 3600 766 3639 vos·
786 3586 923 3647 iisoxnc,
943 3604 1018 3641 oure.
1031 3590 1090 3651 citt,
1110 3597 1130 3639 r.
1145 3588 1178 3650 V,
1199 3604 1226 3656 p.
1241 3588 1300 3653 263,
1318 3604 1347 3641 n.
1366 3601 1408 3655 7⁴,
1428 3586 1556 3643 identifio
1572 3602 1606 3643 ω
1624 3588 1719 3643 Bothe·

582 3674 686 3725 ncshcm
702 3674 829 3726 illusoire
845 3689 912 3726 avec
931 3673 1106 3735 Bdkelheim,
1120 3684 1147 3726 et
1164 3674 1283 3729 observo
1299 3677 1314 3727 ir
1331 3683 1388 3729 tort
1404 3690 1461 3744 que
1477 3684 1561 3731 notre
1575 3674 1722 3745 cbo-qu

583 3762 746 3813 mentionne
759 3761 785 3811 le
798 3776 864 3811 nom
877 3761 913 3812 du
928 3762 1044 3812 chiteau
1058 3765 1094 3813 ou
1108 3761 1148 3814 sut
1162 3762 1267 3815 de'tenu
1281 3761 1370 3815 Hebri
1384 3761 1432 3815 lv,

617 3855 623 3880 ¹
646 3846 735 3899 liebri
753 3847 791 3898 iv
808 3846 849 3899 fut
867 3846 914 3898 fait
933 3848 1092 3913 prisonnier
1109 3864 1158 3915 par
1172 3864 1223 3901 son
1242 3848 1285 3901 fils
1301 3848 1328 3901 le
1341 3861 1372 3913 23
1384 3846 1536 3903 decembre
1551 3862 1613 3915 tros
1627 3858 1657 3903 ot
1669 3864 1721 3905 nm
1747 3862 1771 3913 rs

585 3949 620 3987 en
638 3934 709 3986 1106.

619 4029 628 4055 ²
649 4019 738 4071 Henri
758 4019 794 4070 lv
811 4020 956 4087 s’echappa
972 4021 1007 4071 de
1024 4020 1049 4071 la
1065 4020 1150 4085 garde
1165 4021 1200 4072 de
1216 4036 1267 4073 sun
1285 4020 1360 4073 frisi
1378 4020 1545 4091 logelbeim,
1562 4026 1601 4079 οὐ
1619 4022 1640 4077 'ti
1656 4026 1724 4077 mit

585 4110 631 4163 ete
643 4107 779 4161 transiere
791 4112 874 4174 apres
889 4107 1081 4161 Bdckelheim.

622 4203 631 4235 v
648 4196 869 4251 (iresunvscur.
887 4212 962 4247 our-r.
981 4198 1039 4256 cire,
1059 4206 1079 4247 v.
1096 4195 1146 4255 111,
1165 4212 1192 4262 p.
1209 4209 1238 4260 75
1243 4209 1266 4260 3,
1285 4196 1343 4249 voit
1360 4195 1429 4251 dunc
1444 4212 1477 4251 oo
1492 4198 1574 4267 signe
1588 4198 1728 4255 utimr

587 4285 623 4335 de
634 4284 770 4337 devotion
782 4283 942 4333 l'intention
954 4283 989 4334 de
1001 4283 1111 4334 donner
1124 4281 1294 4336 satisfaction
1307 4298 1342 4336 au
1355 4283 1428 4351 perti
1440 4281 1597 4351 pontifioei.
1754 4294 1781 4347 Ρ

623 4378 634 4411 ⁴
653 4369 761 4421 Murus
781 4382 838 4419 vos
862 4367 998 4429 Kxoxnu
1016 4385 1091 4421 ouer.
1108 4370 1167 4429 citt,
1187 4378 1205 4419 t.
1224 4368 1258 4429 V,
1277 4384 1304 4435 p.
1323 4370 1370 4436 287
1388 4378 1417 4421 et
1433 4384 1462 4423 n.
1483 4382 1523 4437 17,
1540 4370 1636 4425 induit
1650 4370 1688 4427 d·
1701 4386 1732 4427 α

592 4471 713 4521 resurge,
733 4470 800 4506 avec
821 4454 1050 4515 vraisemblnnce,
1068 4455 1220 4522 qu'Orbert
1238 4455 1312 4507 avait
1329 4454 1428 4509 assiste
1442 4456 1459 4507 i
1474 4454 1502 4509 h
1516 4454 1594 4511 dieve
1609 4456 1648 4511 de
1662 4454 1733 4515 Ndl

596 4555 656 4605 ¹¹05
670 4545 685 4591 i
699 4541 893 4608 bissoncourt
907 4557 938 4591 ce
951 4551 1074 4593 serment
1087 4542 1122 4593 de
1136 4540 1242 4593 tidelite
1253 4542 1328 4595 avait
1340 4540 1385 4595 ὀΙὲ
1399 4540 1478 4609 pret&
1492 4544 1509 4595 i
1522 4540 1614 4597 flenti
1628 4542 1664 4599 V.

627 4634 635 4670 ⁵
658 4627 746 4679 lienri
762 4628 804 4687 ΙΙΙ,
819 4637 912 4679 comte
928 4626 964 4677 de
982 4626 1143 4693 Limbourg.
1163 4626 1217 4678 duc
1235 4626 1270 4679 de
1290 4624 1581 4699 &aarum
1598 4628 1675 4683 mit
1690 4628 1735 4683 'ue'
1748 4654 1768 4665 ··

593 4714 651 4766 l'un
662 4714 712 4766 des
725 4714 890 4780 principaux
902 4725 1028 4764 soutrens
1039 4712 1159 4765 d’iienri
1174 4712 1209 4771 V;
1225 4728 1289 4780 vov.
1305 4710 1414 4789 Mem
1429 4724 1488 4767 vox
1506 4710 1648 4777 ΚκοΙΙΑΙΙ,
1659 4730 1734 4769 nn.
1759 4724 1785 4777 35

591 4802 649 4864 citt,
669 4810 689 4853 t.
708 4799 741 4859 i',
762 4816 788 4866 p.
810 4813 858 4865 ²90
873 4807 901 4851 et
919 4815 946 4850 n.
966 4813 1010 4864 23:
1031 4799 1081 4851 cir.
1102 4815 1150 4850 sur
1168 4815 1199 4850 ce
1219 4814 1403 4867 personmge,
1427 4798 1536 4859 [intest.
1560 4798 1683 4855 Histoire
1699 4800 1732 4853 ἡ

594 4885 747 4949 cunnum.
762 4896 781 4935 t.
798 4884 833 4939 ΙΙ.
848 4901 894 4951 pp.
913 4898 956 4949 145
970 4893 997 4936 et
1011 4887 1084 4935 suiv.
1445 4912 1447 4917 ,
1540 4911 1547 4923 ·
1592 4914 1597 4923 .

1523 5446 1836 5750 ,ι
