<?xml version="1.0" encoding="UTF-8"?>
<!DOCTYPE html PUBLIC "-//W3C//DTD XHTML 1.0 Transitional//EN"
    "http://www.w3.org/TR/xhtml1/DTD/xhtml1-transitional.dtd">
<html xmlns="http://www.w3.org/1999/xhtml" xml:lang="en" lang="en">
 <head>
  <title>
</title>
<meta http-equiv="Content-Type" content="text/html;charset=utf-8" />
  <meta name='ocr-system' content='tesseract 3.04.00' />
  <meta name='ocr-capabilities' content='ocr_page ocr_carea ocr_par ocr_line ocrx_word'/>
</head>
<body>
  <div class='ocr_page' id='page_1' title='image "./lachroniquedesa00minogoog_0241.png"; bbox 0 0 4450 6125; ppageno 0'>
   <div class='ocr_carea' id='block_1_1' title="bbox 937 864 1707 984">
    <p class='ocr_par' dir='ltr' id='par_1_1' title="bbox 937 864 1707 984">
     <span class='ocr_line' id='line_1_1' title="bbox 937 864 1707 984; baseline 0.014 -41"><span class='ocrx_word' id='word_1_1' title='bbox 937 864 1089 947; x_wconf 78' lang='lat' dir='ltr'><em>Sancti</em></span> <span class='ocrx_word' id='word_1_2' title='bbox 1123 866 1336 953; x_wconf 70' lang='lat' dir='ltr'>liuberti.</span> <span class='ocrx_word' id='word_1_3' title='bbox 1630 900 1707 984; x_wconf 85' lang='lat'>¹79</span> 
     </span>
    </p>
   </div>
   <div class='ocr_carea' id='block_1_2' title="bbox 517 1160 1711 3872">
    <p class='ocr_par' dir='ltr' id='par_1_2' title="bbox 517 1160 1711 3872">
     <span class='ocr_line' id='line_1_2' title="bbox 570 1160 1709 1245; baseline 0.004 -24"><span class='ocrx_word' id='word_1_4' title='bbox 570 1178 716 1243; x_wconf 89' lang='lat' dir='ltr'>suosque</span> <span class='ocrx_word' id='word_1_5' title='bbox 741 1160 897 1222; x_wconf 89' lang='lat' dir='ltr'>concludi</span> <span class='ocrx_word' id='word_1_6' title='bbox 924 1169 995 1222; x_wconf 89' lang='lat' dir='ltr'>tam</span> <span class='ocrx_word' id='word_1_7' title='bbox 1025 1162 1173 1224; x_wconf 86' lang='lat' dir='ltr'>evidenti</span> <span class='ocrx_word' id='word_1_8' title='bbox 1204 1164 1335 1226; x_wconf 88' lang='lat' dir='ltr'>ratione</span> <span class='ocrx_word' id='word_1_9' title='bbox 1360 1165 1497 1245; x_wconf 88' lang='lat' dir='ltr'>jamque</span> <span class='ocrx_word' id='word_1_10' title='bbox 1522 1164 1709 1227; x_wconf 92' lang='lat' dir='ltr'>ordinatio-</span> 
     </span>
     <span class='ocr_line' id='line_1_3' title="bbox 571 1262 1708 1345; baseline 0.003 -21"><span class='ocrx_word' id='word_1_11' title='bbox 571 1280 648 1324; x_wconf 90' lang='lat' dir='ltr'>nem</span> <span class='ocrx_word' id='word_1_12' title='bbox 664 1280 763 1324; x_wconf 91' lang='lat' dir='ltr'>suam</span> <span class='ocrx_word' id='word_1_13' title='bbox 778 1262 912 1324; x_wconf 88' lang='lat' dir='ltr'>irritam</span> <span class='ocrx_word' id='word_1_14' title='bbox 924 1274 939 1300; x_wconf 72' lang='lat'><em>⁶</em></span> <span class='ocrx_word' id='word_1_15' title='bbox 953 1280 1035 1337; x_wconf 89' lang='lat' dir='ltr'>esse,</span> <span class='ocrx_word' id='word_1_16' title='bbox 1054 1262 1119 1325; x_wconf 90' lang='lat' dir='ltr'>nisi</span> <span class='ocrx_word' id='word_1_17' title='bbox 1136 1265 1406 1328; x_wconf 78' lang='lat' dir='ltr'>contradicentes</span> <span class='ocrx_word' id='word_1_18' title='bbox 1419 1264 1579 1327; x_wconf 88' lang='lat' dir='ltr'>violentia</span> <span class='ocrx_word' id='word_1_19' title='bbox 1593 1265 1708 1345; x_wconf 93' lang='lat' dir='ltr'>oppri-</span> 
     </span>
     <span class='ocr_line' id='line_1_4' title="bbox 572 1365 1707 1448; baseline 0.002 -23"><span class='ocrx_word' id='word_1_20' title='bbox 572 1375 678 1426; x_wconf 89' lang='lat' dir='ltr'>meret</span> <span class='ocrx_word' id='word_1_21' title='bbox 698 1365 722 1439; x_wconf 57' lang='grc' dir='ltr'>ὃ,</span> <span class='ocrx_word' id='word_1_22' title='bbox 747 1367 934 1445; x_wconf 89' lang='lat' dir='ltr'>postposita</span> <span class='ocrx_word' id='word_1_23' title='bbox 956 1365 1052 1427; x_wconf 92' lang='lat' dir='ltr'>omni</span> <span class='ocrx_word' id='word_1_24' title='bbox 1077 1366 1236 1428; x_wconf 90' lang='lat' dir='ltr'>canonica</span> <span class='ocrx_word' id='word_1_25' title='bbox 1263 1368 1475 1429; x_wconf 89' lang='lat' dir='ltr'>auctoritate.</span> <span class='ocrx_word' id='word_1_26' title='bbox 1499 1368 1540 1429; x_wconf 84' lang='lat' dir='ltr'>Et</span> <span class='ocrx_word' id='word_1_27' title='bbox 1561 1385 1603 1429; x_wconf 92' lang='lat' dir='ltr'>ne</span> <span class='ocrx_word' id='word_1_28' title='bbox 1624 1367 1707 1448; x_wconf 93' lang='lat' dir='ltr'>quid</span> 
     </span>
     <span class='ocr_line' id='line_1_5' title="bbox 570 1463 1710 1547; baseline 0.006 -24"><span class='ocrx_word' id='word_1_29' title='bbox 570 1463 788 1544; x_wconf 85' lang='lat' dir='ltr'>inexpertum</span> <span class='ocrx_word' id='word_1_30' title='bbox 824 1465 1032 1547; x_wconf 88' lang='lat' dir='ltr'>relinqueret</span> <span class='ocrx_word' id='word_1_31' title='bbox 1066 1483 1146 1547; x_wconf 90' lang='lat' dir='ltr'>erga</span> <span class='ocrx_word' id='word_1_32' title='bbox 1182 1466 1246 1527; x_wconf 88' lang='lat' dir='ltr'>sibi</span> <span class='ocrx_word' id='word_1_33' title='bbox 1281 1467 1494 1542; x_wconf 77' lang='lat' dir='ltr'>obsistentes,</span> <span class='ocrx_word' id='word_1_34' title='bbox 1531 1467 1637 1529; x_wconf 91' lang='lat' dir='ltr'>semel</span> <span class='ocrx_word' id='word_1_35' title='bbox 1676 1477 1710 1530; x_wconf 92' lang='lat' dir='ltr'>et</span> 
     </span>
     <span class='ocr_line' id='line_1_6' title="bbox 528 1565 1710 1648; baseline 0.004 -23"><span class='ocrx_word' id='word_1_36' title='bbox 528 1595 541 1646; x_wconf 80' lang='lat'>5</span> <span class='ocrx_word' id='word_1_37' title='bbox 571 1565 709 1639; x_wconf 89' lang='lat' dir='ltr'>iterum,</span> <span class='ocrx_word' id='word_1_38' title='bbox 727 1565 803 1626; x_wconf 89' lang='lat' dir='ltr'>licet</span> <span class='ocrx_word' id='word_1_39' title='bbox 822 1567 1027 1628; x_wconf 86' lang='lat' dir='ltr'>retineretur</span> <span class='ocrx_word' id='word_1_40' title='bbox 1046 1567 1163 1641; x_wconf 88' lang='lat' dir='ltr'>abeis,</span> <span class='ocrx_word' id='word_1_41' title='bbox 1180 1586 1215 1629; x_wconf 91' lang='lat' dir='ltr'>se</span> <span class='ocrx_word' id='word_1_42' title='bbox 1231 1569 1376 1648; x_wconf 91' lang='lat' dir='ltr'>pedibus</span> <span class='ocrx_word' id='word_1_43' title='bbox 1391 1587 1511 1631; x_wconf 90' lang='lat' dir='ltr'>eorum</span> <span class='ocrx_word' id='word_1_44' title='bbox 1527 1570 1710 1648; x_wconf 86' lang='lat' dir='ltr'>temptavit</span> 
     </span>
     <span class='ocr_line' id='line_1_7' title="bbox 572 1667 1710 1751; baseline 0.004 -24"><span class='ocrx_word' id='word_1_45' title='bbox 572 1674 796 1745; x_wconf 86' lang='lat' dir='ltr'>prosternere,</span> <span class='ocrx_word' id='word_1_46' title='bbox 822 1675 860 1729; x_wconf 94' lang='lat' dir='ltr'>ut</span> <span class='ocrx_word' id='word_1_47' title='bbox 878 1667 931 1729; x_wconf 92' lang='lat' dir='ltr'>vel</span> <span class='ocrx_word' id='word_1_48' title='bbox 952 1676 1046 1729; x_wconf 88' lang='lat' dir='ltr'>tanta</span> <span class='ocrx_word' id='word_1_49' title='bbox 1067 1667 1272 1747; x_wconf 87' lang='lat' dir='ltr'>pontificalis</span> <span class='ocrx_word' id='word_1_50' title='bbox 1295 1669 1472 1751; x_wconf 90' lang='lat' dir='ltr'>dignitatis</span> <span class='ocrx_word' id='word_1_51' title='bbox 1490 1670 1710 1732; x_wconf 82' lang='lat' dir='ltr'>inclinatione</span> 
     </span>
     <span class='ocr_line' id='line_1_8' title="bbox 571 1767 1709 1850; baseline 0.003 -21"><span class='ocrx_word' id='word_1_52' title='bbox 571 1767 732 1841; x_wconf 86' lang='lat' dir='ltr'>vinceret,</span> <span class='ocrx_word' id='word_1_53' title='bbox 741 1786 826 1849; x_wconf 91' lang='lat' dir='ltr'>quos</span> <span class='ocrx_word' id='word_1_54' title='bbox 837 1779 979 1831; x_wconf 91' lang='lat' dir='ltr'>eotenus</span> <span class='ocrx_word' id='word_1_55' title='bbox 991 1777 1157 1849; x_wconf 88' lang='lat' dir='ltr'>potestate</span> <span class='ocrx_word' id='word_1_56' title='bbox 1169 1772 1374 1850; x_wconf 84' lang='lat' dir='ltr'>probaverat</span> <span class='ocrx_word' id='word_1_57' title='bbox 1384 1773 1584 1833; x_wconf 92' lang='lat' dir='ltr'>omnimodo</span> <span class='ocrx_word' id='word_1_58' title='bbox 1596 1772 1709 1832; x_wconf 85' lang='lat' dir='ltr'>invin-</span> 
     </span>
     <span class='ocr_line' id='line_1_9' title="bbox 571 1868 1709 1953; baseline 0.004 -23"><span class='ocrx_word' id='word_1_59' title='bbox 571 1868 697 1931; x_wconf 90' lang='lat' dir='ltr'>cibiles.</span> <span class='ocrx_word' id='word_1_60' title='bbox 724 1869 831 1951; x_wconf 85' lang='lat' dir='ltr'>igitur</span> <span class='ocrx_word' id='word_1_61' title='bbox 851 1881 927 1950; x_wconf 91' lang='lat' dir='ltr'>post</span> <span class='ocrx_word' id='word_1_62' title='bbox 949 1871 1074 1933; x_wconf 89' lang='lat' dir='ltr'>multas</span> <span class='ocrx_word' id='word_1_63' title='bbox 1094 1873 1339 1948; x_wconf 90' lang='lat' dir='ltr'>contentiones,</span> <span class='ocrx_word' id='word_1_64' title='bbox 1362 1881 1438 1953; x_wconf 92' lang='lat' dir='ltr'>post</span> <span class='ocrx_word' id='word_1_65' title='bbox 1459 1873 1570 1935; x_wconf 91' lang='lat' dir='ltr'>varias</span> <span class='ocrx_word' id='word_1_66' title='bbox 1589 1874 1709 1934; x_wconf 91' lang='lat' dir='ltr'>verbo·</span> 
     </span>
     <span class='ocr_line' id='line_1_10' title="bbox 572 1970 1709 2055; baseline 0.001 -23"><span class='ocrx_word' id='word_1_67' title='bbox 572 1989 650 2033; x_wconf 91' lang='lat' dir='ltr'>rum</span> <span class='ocrx_word' id='word_1_68' title='bbox 670 1970 876 2050; x_wconf 89' lang='lat' dir='ltr'>objectiones</span> <span class='ocrx_word' id='word_1_69' title='bbox 894 1980 928 2033; x_wconf 92' lang='lat' dir='ltr'>et</span> <span class='ocrx_word' id='word_1_70' title='bbox 949 1972 1157 2049; x_wconf 84' lang='lat' dir='ltr'>rejectiones,</span> <span class='ocrx_word' id='word_1_71' title='bbox 1177 1991 1347 2055; x_wconf 82' lang='lat' dir='ltr'>exurgens</span> <span class='ocrx_word' id='word_1_72' title='bbox 1364 1974 1407 2034; x_wconf 92' lang='lat' dir='ltr'>de</span> <span class='ocrx_word' id='word_1_73' title='bbox 1428 1973 1541 2034; x_wconf 92' lang='lat' dir='ltr'>medio</span> <span class='ocrx_word' id='word_1_74' title='bbox 1560 1971 1709 2034; x_wconf 82' lang='lat' dir='ltr'>fratrum</span> 
     </span>
     <span class='ocr_line' id='line_1_11' title="bbox 519 2072 1709 2156; baseline -0.002 -18"><span class='ocrx_word' id='word_1_75' title='bbox 519 2101 543 2138; x_wconf 88' lang='lat' dir='ltr'>o</span> <span class='ocrx_word' id='word_1_76' title='bbox 572 2090 744 2134; x_wconf 87' lang='lat' dir='ltr'>cameram</span> <span class='ocrx_word' id='word_1_77' title='bbox 779 2072 925 2149; x_wconf 89' lang='lat' dir='ltr'>secessit,</span> <span class='ocrx_word' id='word_1_78' title='bbox 956 2081 990 2135; x_wconf 89' lang='lat' dir='ltr'>et</span> <span class='ocrx_word' id='word_1_79' title='bbox 1019 2093 1079 2154; x_wconf 89' lang='lat' dir='ltr'>per</span> <span class='ocrx_word' id='word_1_80' title='bbox 1103 2076 1264 2137; x_wconf 84' lang='lat' dir='ltr'>abbatem</span> <span class='ocrx_word' id='word_1_81' title='bbox 1294 2076 1528 2137; x_wconf 78' lang='lat' dir='ltr'>Lobiensem‘</span> <span class='ocrx_word' id='word_1_82' title='bbox 1555 2075 1709 2156; x_wconf 89' lang='lat' dir='ltr'>itemque</span> 
     </span>
     <span class='ocr_line' id='line_1_12' title="bbox 572 2175 1709 2255; baseline 0 -19"><span class='ocrx_word' id='word_1_83' title='bbox 572 2175 731 2236; x_wconf 89' lang='lat' dir='ltr'>comitem</span> <span class='ocrx_word' id='word_1_84' title='bbox 752 2175 973 2254; x_wconf 63' lang='lat' dir='ltr'>arnulphum</span> <span class='ocrx_word' id='word_1_85' title='bbox 995 2175 1172 2237; x_wconf 91' lang='lat' dir='ltr'>mandavit</span> <span class='ocrx_word' id='word_1_86' title='bbox 1193 2176 1251 2251; x_wconf 90' lang='lat' dir='ltr'>eis,</span> <span class='ocrx_word' id='word_1_87' title='bbox 1274 2187 1312 2238; x_wconf 89' lang='lat' dir='ltr'>ut</span> <span class='ocrx_word' id='word_1_88' title='bbox 1331 2185 1391 2238; x_wconf 89' lang='lat' dir='ltr'>aut</span> <span class='ocrx_word' id='word_1_89' title='bbox 1413 2176 1563 2238; x_wconf 90' lang='lat' dir='ltr'>volentes</span> <span class='ocrx_word' id='word_1_90' title='bbox 1585 2175 1709 2255; x_wconf 89' lang='lat' dir='ltr'>placito</span> 
     </span>
     <span class='ocr_line' id='line_1_13' title="bbox 571 2276 1709 2358; baseline -0.001 -19"><span class='ocrx_word' id='word_1_91' title='bbox 571 2296 633 2339; x_wconf 92' lang='lat' dir='ltr'>suo</span> <span class='ocrx_word' id='word_1_92' title='bbox 643 2285 820 2357; x_wconf 84' lang='lat' dir='ltr'>gratanter</span> <span class='ocrx_word' id='word_1_93' title='bbox 831 2278 1040 2349; x_wconf 87' lang='lat' dir='ltr'>accederent,</span> <span class='ocrx_word' id='word_1_94' title='bbox 1057 2286 1118 2338; x_wconf 87' lang='lat' dir='ltr'>aut</span> <span class='ocrx_word' id='word_1_95' title='bbox 1130 2295 1191 2339; x_wconf 91' lang='lat' dir='ltr'>sua</span> <span class='ocrx_word' id='word_1_96' title='bbox 1203 2277 1267 2338; x_wconf 89' lang='lat' dir='ltr'>sibi</span> <span class='ocrx_word' id='word_1_97' title='bbox 1284 2277 1516 2358; x_wconf 90' lang='lat' dir='ltr'>relinquentes</span> <span class='ocrx_word' id='word_1_98' title='bbox 1531 2278 1603 2339; x_wconf 91' lang='lat' dir='ltr'>loco</span> <span class='ocrx_word' id='word_1_99' title='bbox 1617 2276 1709 2338; x_wconf 88' lang='lat' dir='ltr'>dece·</span> 
     </span>
     <span class='ocr_line' id='line_1_14' title="bbox 572 2375 1709 2457; baseline 0 -21"><span class='ocrx_word' id='word_1_100' title='bbox 572 2377 701 2438; x_wconf 88' lang='lat' dir='ltr'>derent.</span> <span class='ocrx_word' id='word_1_101' title='bbox 716 2376 802 2437; x_wconf 87' lang='lat' dir='ltr'>Tam</span> <span class='ocrx_word' id='word_1_102' title='bbox 817 2376 946 2437; x_wconf 86' lang='lat' dir='ltr'>crudeli</span> <span class='ocrx_word' id='word_1_103' title='bbox 962 2375 1129 2438; x_wconf 87' lang='lat' dir='ltr'>sententia</span> <span class='ocrx_word' id='word_1_104' title='bbox 1146 2376 1385 2452; x_wconf 89' lang='lat' dir='ltr'>determinata,</span> <span class='ocrx_word' id='word_1_105' title='bbox 1398 2377 1520 2438; x_wconf 83' lang='lat' dir='ltr'>tratres</span> <span class='ocrx_word' id='word_1_106' title='bbox 1535 2375 1709 2457; x_wconf 90' lang='lat' dir='ltr'>petierunt</span> 
     </span>
     <span class='ocr_line' id='line_1_15' title="bbox 570 2475 1709 2556; baseline -0.001 -18"><span class='ocrx_word' id='word_1_107' title='bbox 570 2477 727 2539; x_wconf 89' lang='lat' dir='ltr'>inducias</span> <span class='ocrx_word' id='word_1_108' title='bbox 768 2476 956 2556; x_wconf 88' lang='lat' dir='ltr'>prepositos</span> <span class='ocrx_word' id='word_1_109' title='bbox 995 2476 1161 2539; x_wconf 88' lang='lat' dir='ltr'>cellarum</span> <span class='ocrx_word' id='word_1_110' title='bbox 1198 2478 1361 2539; x_wconf 90' lang='lat' dir='ltr'>evocandi</span> <span class='ocrx_word' id='word_1_111' title='bbox 1399 2489 1433 2539; x_wconf 90' lang='lat' dir='ltr'>et</span> <span class='ocrx_word' id='word_1_112' title='bbox 1468 2495 1546 2539; x_wconf 92' lang='lat' dir='ltr'>cum</span> <span class='ocrx_word' id='word_1_113' title='bbox 1585 2477 1634 2538; x_wconf 88' lang='lat' dir='ltr'>eis</span> <span class='ocrx_word' id='word_1_114' title='bbox 1672 2475 1709 2537; x_wconf 91' lang='lat' dir='ltr'>in</span> 
     </span>
     <span class='ocr_line' id='line_1_16' title="bbox 522 2577 1709 2659; baseline -0.003 -19"><span class='ocrx_word' id='word_1_115' title='bbox 522 2606 542 2655; x_wconf 78' lang='lat'>5</span> <span class='ocrx_word' id='word_1_116' title='bbox 571 2596 753 2640; x_wconf 90' lang='lat' dir='ltr'>commune</span> <span class='ocrx_word' id='word_1_117' title='bbox 781 2577 991 2651; x_wconf 90' lang='lat' dir='ltr'>consulendi,</span> <span class='ocrx_word' id='word_1_118' title='bbox 1019 2578 1076 2639; x_wconf 89' lang='lat' dir='ltr'>sed</span> <span class='ocrx_word' id='word_1_119' title='bbox 1105 2595 1161 2639; x_wconf 89' lang='lat' dir='ltr'>eas</span> <span class='ocrx_word' id='word_1_120' title='bbox 1187 2578 1281 2639; x_wconf 93' lang='lat' dir='ltr'>nullo</span> <span class='ocrx_word' id='word_1_121' title='bbox 1307 2579 1421 2654; x_wconf 92' lang='lat' dir='ltr'>modo,</span> <span class='ocrx_word' id='word_1_122' title='bbox 1449 2578 1512 2640; x_wconf 92' lang='lat' dir='ltr'>nisi</span> <span class='ocrx_word' id='word_1_123' title='bbox 1540 2577 1709 2659; x_wconf 89' lang='lat' dir='ltr'>usquein</span> 
     </span>
     <span class='ocr_line' id='line_1_17' title="bbox 572 2679 1709 2759; baseline -0.004 -18"><span class='ocrx_word' id='word_1_124' title='bbox 572 2681 771 2749; x_wconf 87' lang='lat' dir='ltr'>crastinum,</span> <span class='ocrx_word' id='word_1_125' title='bbox 804 2689 989 2758; x_wconf 88' lang='lat' dir='ltr'>potuerunt</span> <span class='ocrx_word' id='word_1_126' title='bbox 1021 2679 1166 2759; x_wconf 89' lang='lat' dir='ltr'>assequi.</span> <span class='ocrx_word' id='word_1_127' title='bbox 1204 2679 1333 2740; x_wconf 82' lang='lat' dir='ltr'>Interea</span> <span class='ocrx_word' id='word_1_128' title='bbox 1367 2679 1567 2757; x_wconf 81' lang='lat' dir='ltr'>Amulphus</span> <span class='ocrx_word' id='word_1_129' title='bbox 1595 2694 1709 2738; x_wconf 92' lang='lat' dir='ltr'>comes</span> 
     </span>
     <span class='ocr_line' id='line_1_18' title="bbox 572 2779 1707 2862; baseline -0.003 -20"><span class='ocrx_word' id='word_1_130' title='bbox 572 2781 734 2862; x_wconf 90' lang='lat' dir='ltr'>singulos,</span> <span class='ocrx_word' id='word_1_131' title='bbox 752 2788 791 2842; x_wconf 91' lang='lat' dir='ltr'>ut</span> <span class='ocrx_word' id='word_1_132' title='bbox 805 2798 1058 2862; x_wconf 88' lang='lat' dir='ltr'>quemcumque</span> <span class='ocrx_word' id='word_1_133' title='bbox 1079 2790 1230 2854; x_wconf 87' lang='lat' dir='ltr'>noverat,</span> <span class='ocrx_word' id='word_1_134' title='bbox 1248 2799 1311 2859; x_wconf 94' lang='lat' dir='ltr'>pro</span> <span class='ocrx_word' id='word_1_135' title='bbox 1332 2790 1452 2859; x_wconf 92' lang='lat' dir='ltr'>nepote</span> <span class='ocrx_word' id='word_1_136' title='bbox 1472 2799 1535 2842; x_wconf 90' lang='lat' dir='ltr'>suo</span> <span class='ocrx_word' id='word_1_137' title='bbox 1554 2779 1707 2861; x_wconf 85' lang='lat' dir='ltr'>aggredi,</span> 
     </span>
     <span class='ocr_line' id='line_1_19' title="bbox 571 2879 1708 2962; baseline -0.004 -18"><span class='ocrx_word' id='word_1_138' title='bbox 571 2884 643 2962; x_wconf 83' lang='lat' dir='ltr'>ejus</span> <span class='ocrx_word' id='word_1_139' title='bbox 667 2900 768 2944; x_wconf 92' lang='lat' dir='ltr'>causa</span> <span class='ocrx_word' id='word_1_140' title='bbox 790 2881 971 2943; x_wconf 89' lang='lat' dir='ltr'>eonsilium</span> <span class='ocrx_word' id='word_1_141' title='bbox 996 2892 1030 2943; x_wconf 90' lang='lat' dir='ltr'>et</span> <span class='ocrx_word' id='word_1_142' title='bbox 1057 2881 1225 2943; x_wconf 80' lang='lat' dir='ltr'>auxilium</span> <span class='ocrx_word' id='word_1_143' title='bbox 1251 2899 1355 2944; x_wconf 88' lang='lat' dir='ltr'>suum</span> <span class='ocrx_word' id='word_1_144' title='bbox 1381 2881 1518 2943; x_wconf 89' lang='lat' dir='ltr'>ecclesie</span> <span class='ocrx_word' id='word_1_145' title='bbox 1544 2879 1708 2959; x_wconf 92' lang='lat' dir='ltr'>polliceri,</span> 
     </span>
     <span class='ocr_line' id='line_1_20' title="bbox 572 2981 1710 3062; baseline -0.004 -17"><span class='ocrx_word' id='word_1_146' title='bbox 572 3002 651 3045; x_wconf 92' lang='lat' dir='ltr'>cum</span> <span class='ocrx_word' id='word_1_147' title='bbox 674 2982 814 3044; x_wconf 90' lang='lat' dir='ltr'>interim</span> <span class='ocrx_word' id='word_1_148' title='bbox 838 2981 929 3044; x_wconf 85' lang='lat' dir='ltr'>filius</span> <span class='ocrx_word' id='word_1_149' title='bbox 951 2983 1024 3062; x_wconf 79' lang='lat' dir='ltr'>eius</span> <span class='ocrx_word' id='word_1_150' title='bbox 1047 2982 1150 3044; x_wconf 89' lang='lat' dir='ltr'>Otto¹</span> <span class='ocrx_word' id='word_1_151' title='bbox 1172 2983 1244 3062; x_wconf 91' lang='lat' dir='ltr'>ipsa</span> <span class='ocrx_word' id='word_1_152' title='bbox 1270 2983 1390 3045; x_wconf 88' lang='lat' dir='ltr'>eadem</span> <span class='ocrx_word' id='word_1_153' title='bbox 1410 2983 1465 3043; x_wconf 88' lang='lat' dir='ltr'>die</span> <span class='ocrx_word' id='word_1_154' title='bbox 1486 2981 1710 3044; x_wconf 87' lang='lat' dir='ltr'>Caviniacum</span> 
     </span>
     <span class='ocr_line' id='line_1_21' title="bbox 517 3084 1710 3165; baseline -0.003 -17"><span class='ocrx_word' id='word_1_155' title='bbox 517 3112 547 3148; x_wconf 85' lang='lat'>0</span> <span class='ocrx_word' id='word_1_156' title='bbox 573 3084 693 3148; x_wconf 88' lang='lat' dir='ltr'>fiscum</span> <span class='ocrx_word' id='word_1_157' title='bbox 729 3086 935 3165; x_wconf 86' lang='lat' dir='ltr'>pervadens,</span> <span class='ocrx_word' id='word_1_158' title='bbox 972 3103 1111 3147; x_wconf 92' lang='lat' dir='ltr'>omnem</span> <span class='ocrx_word' id='word_1_159' title='bbox 1148 3088 1221 3163; x_wconf 77' lang='lat' dir='ltr'>eius</span> <span class='ocrx_word' id='word_1_160' title='bbox 1256 3087 1398 3165; x_wconf 90' lang='lat' dir='ltr'>predam</span> <span class='ocrx_word' id='word_1_161' title='bbox 1434 3085 1639 3158; x_wconf 90' lang='lat' dir='ltr'>abducebat,</span> <span class='ocrx_word' id='word_1_162' title='bbox 1676 3091 1710 3145; x_wconf 91' lang='lat' dir='ltr'>et</span> 
     </span>
     <span class='ocr_line' id='line_1_22' title="bbox 571 3183 1711 3268; baseline -0.004 -20"><span class='ocrx_word' id='word_1_163' title='bbox 571 3188 739 3268; x_wconf 89' lang='lat' dir='ltr'>quosdam</span> <span class='ocrx_word' id='word_1_164' title='bbox 774 3186 877 3248; x_wconf 90' lang='lat' dir='ltr'>etiam</span> <span class='ocrx_word' id='word_1_165' title='bbox 904 3184 1124 3260; x_wconf 90' lang='lat' dir='ltr'>interficiens,</span> <span class='ocrx_word' id='word_1_166' title='bbox 1155 3184 1260 3247; x_wconf 85' lang='lat' dir='ltr'>fidem</span> <span class='ocrx_word' id='word_1_167' title='bbox 1290 3195 1429 3265; x_wconf 88' lang='lat' dir='ltr'>paterne</span> <span class='ocrx_word' id='word_1_168' title='bbox 1459 3183 1711 3266; x_wconf 90' lang='lat' dir='ltr'>pollicitationis</span> 
     </span>
     <span class='ocr_line' id='line_1_23' title="bbox 571 3285 1708 3367; baseline -0.004 -18"><span class='ocrx_word' id='word_1_169' title='bbox 571 3287 750 3349; x_wconf 87' lang='lat' dir='ltr'>inficiebat.</span> <span class='ocrx_word' id='word_1_170' title='bbox 788 3287 854 3348; x_wconf 91' lang='lat' dir='ltr'>Nec</span> <span class='ocrx_word' id='word_1_171' title='bbox 888 3285 958 3366; x_wconf 87' lang='lat' dir='ltr'>jam</span> <span class='ocrx_word' id='word_1_172' title='bbox 994 3298 1172 3367; x_wconf 90' lang='lat' dir='ltr'>supererat</span> <span class='ocrx_word' id='word_1_173' title='bbox 1206 3291 1394 3349; x_wconf 88' lang='lat' dir='ltr'>constantia</span> <span class='ocrx_word' id='word_1_174' title='bbox 1428 3287 1559 3349; x_wconf 88' lang='lat' dir='ltr'>diutius</span> <span class='ocrx_word' id='word_1_175' title='bbox 1593 3285 1708 3359; x_wconf 90' lang='lat' dir='ltr'>reniti,</span> 
     </span>
     <span class='ocr_line' id='line_1_24' title="bbox 571 3386 1711 3468; baseline -0.003 -19"><span class='ocrx_word' id='word_1_176' title='bbox 571 3387 782 3449; x_wconf 88' lang='lat' dir='ltr'>firmioribus</span> <span class='ocrx_word' id='word_1_177' title='bbox 810 3396 860 3448; x_wconf 91' lang='lat' dir='ltr'>tot</span> <span class='ocrx_word' id='word_1_178' title='bbox 888 3387 1167 3450; x_wconf 87' lang='lat' dir='ltr'>concussionibus</span> <span class='ocrx_word' id='word_1_179' title='bbox 1193 3386 1355 3468; x_wconf 81' lang='lat' dir='ltr'>fatigatis,</span> <span class='ocrx_word' id='word_1_180' title='bbox 1386 3386 1636 3447; x_wconf 87' lang='lat' dir='ltr'>infirmioribus</span> <span class='ocrx_word' id='word_1_181' title='bbox 1660 3393 1711 3446; x_wconf 95' lang='lat' dir='ltr'>tot</span> 
     </span>
     <span class='ocr_line' id='line_1_25' title="bbox 573 3486 1709 3569; baseline -0.003 -19"><span class='ocrx_word' id='word_1_182' title='bbox 573 3488 854 3569; x_wconf 90' lang='lat' dir='ltr'>promissionibus</span> <span class='ocrx_word' id='word_1_183' title='bbox 865 3487 883 3525; x_wconf 53' lang='grc' dir='ltr'><em>Α</em></span> <span class='ocrx_word' id='word_1_184' title='bbox 892 3488 1050 3550; x_wconf 92' lang='lat' dir='ltr'>inductis.</span> <span class='ocrx_word' id='word_1_185' title='bbox 1068 3488 1122 3550; x_wconf 91' lang='lat' dir='ltr'>lsti</span> <span class='ocrx_word' id='word_1_186' title='bbox 1136 3489 1351 3550; x_wconf 89' lang='lat' dir='ltr'>destinabant</span> <span class='ocrx_word' id='word_1_187' title='bbox 1362 3488 1452 3566; x_wconf 92' lang='lat' dir='ltr'>apud</span> <span class='ocrx_word' id='word_1_188' title='bbox 1470 3505 1504 3549; x_wconf 91' lang='lat' dir='ltr'>se</span> <span class='ocrx_word' id='word_1_189' title='bbox 1519 3486 1600 3549; x_wconf 92' lang='lat' dir='ltr'>huic</span> <span class='ocrx_word' id='word_1_190' title='bbox 1614 3504 1709 3547; x_wconf 83' lang='lat' dir='ltr'>exor-</span> 
     </span>
     <span class='ocr_line' id='line_1_26' title="bbox 517 3586 1711 3667; baseline -0.001 -18"><span class='ocrx_word' id='word_1_191' title='bbox 517 3611 544 3661; x_wconf 84' lang='lat'><strong>5</strong></span> <span class='ocrx_word' id='word_1_192' title='bbox 572 3588 738 3650; x_wconf 90' lang='lat' dir='ltr'>dinationi</span> <span class='ocrx_word' id='word_1_193' title='bbox 761 3587 815 3648; x_wconf 84' lang='lat' dir='ltr'>vel</span> <span class='ocrx_word' id='word_1_194' title='bbox 838 3606 904 3649; x_wconf 89' lang='lat' dir='ltr'>non</span> <span class='ocrx_word' id='word_1_195' title='bbox 928 3588 1269 3663; x_wconf 89' lang='lat' dir='ltr'>communicandum,</span> <span class='ocrx_word' id='word_1_196' title='bbox 1295 3587 1347 3650; x_wconf 85' lang='lat' dir='ltr'>vel</span> <span class='ocrx_word' id='word_1_197' title='bbox 1367 3606 1448 3649; x_wconf 94' lang='lat' dir='ltr'>cum</span> <span class='ocrx_word' id='word_1_198' title='bbox 1470 3595 1618 3667; x_wconf 90' lang='lat' dir='ltr'>possent,</span> <span class='ocrx_word' id='word_1_199' title='bbox 1639 3586 1711 3648; x_wconf 91' lang='lat' dir='ltr'>loco</span> 
     </span>
     <span class='ocr_line' id='line_1_27' title="bbox 571 3688 1711 3768; baseline -0.002 -16"><span class='ocrx_word' id='word_1_200' title='bbox 571 3691 761 3752; x_wconf 88' lang='lat' dir='ltr'>cedendum</span> <span class='ocrx_word' id='word_1_201' title='bbox 773 3701 800 3766; x_wconf 75' lang='lat'>‘3</span> <span class='ocrx_word' id='word_1_202' title='bbox 817 3690 877 3763; x_wconf 90' lang='lat' dir='ltr'>illi,</span> <span class='ocrx_word' id='word_1_203' title='bbox 895 3689 1008 3750; x_wconf 89' lang='lat' dir='ltr'>oblata</span> <span class='ocrx_word' id='word_1_204' title='bbox 1025 3707 1082 3768; x_wconf 91' lang='lat' dir='ltr'>spe</span> <span class='ocrx_word' id='word_1_205' title='bbox 1099 3690 1340 3751; x_wconf 86' lang='lat' dir='ltr'>novandarum</span> <span class='ocrx_word' id='word_1_206' title='bbox 1357 3707 1486 3762; x_wconf 87' lang='lat' dir='ltr'>rerum,</span> <span class='ocrx_word' id='word_1_207' title='bbox 1507 3688 1711 3750; x_wconf 84' lang='lat' dir='ltr'>affectabant</span> 
     </span>
     <span class='ocr_line' id='line_1_28' title="bbox 570 3788 1710 3872; baseline -0.002 -20"><span class='ocrx_word' id='word_1_208' title='bbox 570 3792 714 3872; x_wconf 84' lang='lat' dir='ltr'>alicujus</span> <span class='ocrx_word' id='word_1_209' title='bbox 729 3789 914 3854; x_wconf 83' lang='lat' dir='ltr'>functionis</span> <span class='ocrx_word' id='word_1_210' title='bbox 930 3789 1064 3871; x_wconf 89' lang='lat' dir='ltr'>assequi</span> <span class='ocrx_word' id='word_1_211' title='bbox 1086 3790 1322 3864; x_wconf 90' lang='lat' dir='ltr'>commodum,</span> <span class='ocrx_word' id='word_1_212' title='bbox 1347 3791 1399 3852; x_wconf 89' lang='lat' dir='ltr'>vel</span> <span class='ocrx_word' id='word_1_213' title='bbox 1421 3790 1587 3869; x_wconf 91' lang='lat' dir='ltr'>permissa</span> <span class='ocrx_word' id='word_1_214' title='bbox 1610 3788 1710 3850; x_wconf 92' lang='lat' dir='ltr'>liber·</span> 
     </span>
    </p>
   </div>
   <div class='ocr_carea' id='block_1_3' title="bbox 572 4010 1712 4152">
    <p class='ocr_par' dir='ltr' id='par_1_3' title="bbox 572 4010 1712 4152">
     <span class='ocr_line' id='line_1_29' title="bbox 601 4010 1712 4079; baseline -0.002 -16"><span class='ocrx_word' id='word_1_215' title='bbox 601 4030 627 4063; x_wconf 85' lang='lat' dir='ltr'>a.</span> <span class='ocrx_word' id='word_1_216' title='bbox 647 4013 742 4064; x_wconf 82' lang='lat' dir='ltr'>tritam</span> <span class='ocrx_word' id='word_1_217' title='bbox 759 4013 796 4064; x_wconf 89' lang='lat' dir='ltr'>A.</span> <span class='ocrx_word' id='word_1_218' title='bbox 809 4042 842 4051; x_wconf 90' lang='lat'><em>-</em></span> <span class='ocrx_word' id='word_1_219' title='bbox 859 4011 882 4065; x_wconf 79' lang='lat' dir='ltr'>l.</span> <span class='ocrx_word' id='word_1_220' title='bbox 902 4012 1076 4079; x_wconf 83' lang='lat' dir='ltr'>obprimeret</span> <span class='ocrx_word' id='word_1_221' title='bbox 1094 4013 1132 4063; x_wconf 82' lang='lat' dir='ltr'>A.</span> <span class='ocrx_word' id='word_1_222' title='bbox 1150 4041 1183 4051; x_wconf 95' lang='lat'>-</span> <span class='ocrx_word' id='word_1_223' title='bbox 1199 4029 1223 4066; x_wconf 88' lang='lat' dir='ltr'>c.</span> <span class='ocrx_word' id='word_1_224' title='bbox 1242 4012 1392 4065; x_wconf 90' lang='lat' dir='ltr'>lobiessem</span> <span class='ocrx_word' id='word_1_225' title='bbox 1411 4011 1448 4063; x_wconf 86' lang='lat' dir='ltr'>A.</span> <span class='ocrx_word' id='word_1_226' title='bbox 1465 4039 1498 4048; x_wconf 92' lang='lat'><em>-</em></span> <span class='ocrx_word' id='word_1_227' title='bbox 1516 4011 1541 4061; x_wconf 85' lang='lat' dir='ltr'>d.</span> <span class='ocrx_word' id='word_1_228' title='bbox 1560 4010 1712 4077; x_wconf 90' lang='lat' dir='ltr'>promisio-</span> 
     </span>
     <span class='ocr_line' id='line_1_30' title="bbox 572 4098 994 4152; baseline 0 -3"><span class='ocrx_word' id='word_1_229' title='bbox 572 4098 654 4151; x_wconf 89' lang='lat' dir='ltr'>nibus</span> <span class='ocrx_word' id='word_1_230' title='bbox 666 4099 702 4149; x_wconf 82' lang='lat' dir='ltr'>A.</span> <span class='ocrx_word' id='word_1_231' title='bbox 717 4129 750 4138; x_wconf 97' lang='lat'>-</span> <span class='ocrx_word' id='word_1_232' title='bbox 767 4116 789 4152; x_wconf 86' lang='lat' dir='ltr'>e.</span> <span class='ocrx_word' id='word_1_233' title='bbox 807 4100 943 4151; x_wconf 89' lang='lat' dir='ltr'>cededum</span> <span class='ocrx_word' id='word_1_234' title='bbox 957 4100 994 4150; x_wconf 81' lang='lat' dir='ltr'>A.</span> 
     </span>
    </p>
   </div>
   <div class='ocr_carea' id='block_1_4' title="bbox 517 4482 1710 4902">
    <p class='ocr_par' dir='ltr' id='par_1_4' title="bbox 517 4482 1710 4902">
     <span class='ocr_line' id='line_1_31' title="bbox 517 4482 1710 4552; baseline -0.008 -10"><span class='ocrx_word' id='word_1_235' title='bbox 517 4514 548 4552; x_wconf 67' lang='lat'><strong>³</strong></span> <span class='ocrx_word' id='word_1_236' title='bbox 605 4497 612 4524; x_wconf 90' lang='lat'><strong>¹</strong></span> <span class='ocrx_word' id='word_1_237' title='bbox 632 4488 723 4541; x_wconf 91' lang='lat' dir='ltr'>Otton</span> <span class='ocrx_word' id='word_1_238' title='bbox 741 4487 777 4549; x_wconf 83' lang='grc' dir='ltr'>ΙΙ,</span> <span class='ocrx_word' id='word_1_239' title='bbox 795 4486 839 4538; x_wconf 86' lang='lat' dir='ltr'>fils</span> <span class='ocrx_word' id='word_1_240' title='bbox 855 4486 917 4537; x_wconf 78' lang='lat' dir='ltr'>alne</span> <span class='ocrx_word' id='word_1_241' title='bbox 933 4486 1072 4538; x_wconf 87' lang='lat' dir='ltr'>d’Arnoul</span> <span class='ocrx_word' id='word_1_242' title='bbox 1087 4486 1124 4548; x_wconf 92' lang='lat' dir='ltr'>ll,</span> <span class='ocrx_word' id='word_1_243' title='bbox 1142 4495 1170 4536; x_wconf 90' lang='lat' dir='ltr'>et</span> <span class='ocrx_word' id='word_1_244' title='bbox 1187 4500 1238 4537; x_wconf 91' lang='lat' dir='ltr'>son</span> <span class='ocrx_word' id='word_1_245' title='bbox 1256 4498 1419 4535; x_wconf 87' lang='lat' dir='ltr'>successeur</span> <span class='ocrx_word' id='word_1_246' title='bbox 1436 4497 1546 4534; x_wconf 92' lang='lat' dir='ltr'>comme</span> <span class='ocrx_word' id='word_1_247' title='bbox 1563 4490 1658 4534; x_wconf 91' lang='lat' dir='ltr'>comte</span> <span class='ocrx_word' id='word_1_248' title='bbox 1674 4482 1710 4533; x_wconf 90' lang='lat' dir='ltr'>de</span> 
     </span>
     <span class='ocr_line' id='line_1_32' title="bbox 571 4567 1710 4643; baseline -0.006 -16"><span class='ocrx_word' id='word_1_249' title='bbox 571 4576 674 4643; x_wconf 87' lang='lat' dir='ltr'>Chiny,</span> <span class='ocrx_word' id='word_1_250' title='bbox 695 4575 731 4626; x_wconf 93' lang='lat' dir='ltr'>de</span> <span class='ocrx_word' id='word_1_251' title='bbox 754 4573 816 4625; x_wconf 91' lang='lat'>1106</span> <span class='ocrx_word' id='word_1_252' title='bbox 834 4576 850 4624; x_wconf 78' lang='lat' dir='ltr'>a</span> <span class='ocrx_word' id='word_1_253' title='bbox 871 4587 946 4638; x_wconf 77' lang='lat'>11253</span> <span class='ocrx_word' id='word_1_254' title='bbox 969 4573 989 4624; x_wconf 94' lang='lat' dir='ltr'>il</span> <span class='ocrx_word' id='word_1_255' title='bbox 1010 4574 1146 4640; x_wconf 88' lang='lat' dir='ltr'>participa</span> <span class='ocrx_word' id='word_1_256' title='bbox 1165 4575 1181 4623; x_wconf 81' lang='lat' dir='ltr'>a</span> <span class='ocrx_word' id='word_1_257' title='bbox 1201 4572 1226 4623; x_wconf 92' lang='lat' dir='ltr'>la</span> <span class='ocrx_word' id='word_1_258' title='bbox 1246 4571 1372 4624; x_wconf 86' lang='lat' dir='ltr'>croisade</span> <span class='ocrx_word' id='word_1_259' title='bbox 1394 4585 1462 4622; x_wconf 87' lang='lat' dir='ltr'>avec</span> <span class='ocrx_word' id='word_1_260' title='bbox 1481 4584 1532 4621; x_wconf 87' lang='lat' dir='ltr'>son</span> <span class='ocrx_word' id='word_1_261' title='bbox 1554 4567 1710 4623; x_wconf 79' lang='lat' dir='ltr'>beau-frere</span> 
     </span>
     <span class='ocr_line' id='line_1_33' title="bbox 572 4656 1710 4724; baseline -0.006 -10"><span class='ocrx_word' id='word_1_262' title='bbox 572 4662 673 4716; x_wconf 89' lang='lat' dir='ltr'>Dodon</span> <span class='ocrx_word' id='word_1_263' title='bbox 689 4662 724 4713; x_wconf 88' lang='lat' dir='ltr'>de</span> <span class='ocrx_word' id='word_1_264' title='bbox 740 4660 828 4722; x_wconf 84' lang='lat' dir='ltr'>Cons;</span> <span class='ocrx_word' id='word_1_265' title='bbox 847 4661 867 4711; x_wconf 93' lang='lat' dir='ltr'>il</span> <span class='ocrx_word' id='word_1_266' title='bbox 883 4670 941 4723; x_wconf 91' lang='lat' dir='ltr'>eut,</span> <span class='ocrx_word' id='word_1_267' title='bbox 954 4669 1035 4711; x_wconf 93' lang='lat' dir='ltr'>entre</span> <span class='ocrx_word' id='word_1_268' title='bbox 1046 4670 1142 4712; x_wconf 89' lang='lat' dir='ltr'>autres</span> <span class='ocrx_word' id='word_1_269' title='bbox 1157 4658 1276 4721; x_wconf 86' lang='lat' dir='ltr'>eniants,</span> <span class='ocrx_word' id='word_1_270' title='bbox 1291 4659 1401 4721; x_wconf 85' lang='lat' dir='ltr'>Albert,</span> <span class='ocrx_word' id='word_1_271' title='bbox 1416 4667 1509 4710; x_wconf 91' lang='lat' dir='ltr'>comte</span> <span class='ocrx_word' id='word_1_272' title='bbox 1520 4658 1555 4710; x_wconf 93' lang='lat' dir='ltr'>de</span> <span class='ocrx_word' id='word_1_273' title='bbox 1567 4657 1661 4724; x_wconf 89' lang='lat' dir='ltr'>Chiny</span> <span class='ocrx_word' id='word_1_274' title='bbox 1674 4656 1710 4708; x_wconf 90' lang='lat' dir='ltr'>de</span> 
     </span>
     <span class='ocr_line' id='line_1_34' title="bbox 573 4743 1708 4816; baseline -0.005 -14"><span class='ocrx_word' id='word_1_275' title='bbox 573 4764 632 4816; x_wconf 82' lang='lat'><em>1¹²5</em></span> <span class='ocrx_word' id='word_1_276' title='bbox 657 4753 673 4800; x_wconf 79' lang='lat' dir='ltr'>a</span> <span class='ocrx_word' id='word_1_277' title='bbox 700 4750 771 4812; x_wconf 86' lang='lat'>1162,</span> <span class='ocrx_word' id='word_1_278' title='bbox 796 4759 824 4801; x_wconf 89' lang='lat' dir='ltr'>et</span> <span class='ocrx_word' id='word_1_279' title='bbox 848 4748 976 4801; x_wconf 78' lang='lat' dir='ltr'>Alberon</span> <span class='ocrx_word' id='word_1_280' title='bbox 1001 4748 1037 4810; x_wconf 91' lang='lat' dir='ltr'>Il,</span> <span class='ocrx_word' id='word_1_281' title='bbox 1062 4748 1170 4814; x_wconf 74' lang='lat' dir='ltr'>eveque</span> <span class='ocrx_word' id='word_1_282' title='bbox 1193 4747 1228 4798; x_wconf 91' lang='lat' dir='ltr'>dc</span> <span class='ocrx_word' id='word_1_283' title='bbox 1252 4746 1338 4814; x_wconf 78' lang='lat' dir='ltr'>Liege</span> <span class='ocrx_word' id='word_1_284' title='bbox 1358 4747 1394 4798; x_wconf 92' lang='lat' dir='ltr'>de</span> <span class='ocrx_word' id='word_1_285' title='bbox 1418 4759 1478 4809; x_wconf 77' lang='lat'>1¹34</span> <span class='ocrx_word' id='word_1_286' title='bbox 1501 4748 1517 4796; x_wconf 80' lang='lat' dir='ltr'>a</span> <span class='ocrx_word' id='word_1_287' title='bbox 1540 4758 1610 4809; x_wconf 80' lang='lat'>1¹45·</span> <span class='ocrx_word' id='word_1_288' title='bbox 1635 4743 1708 4810; x_wconf 89' lang='lat' dir='ltr'>Voy.</span> 
     </span>
     <span class='ocr_line' id='line_1_35' title="bbox 571 4831 1708 4902; baseline -0.008 -13"><span class='ocrx_word' id='word_1_289' title='bbox 571 4837 733 4898; x_wconf 76' lang='lat' dir='ltr'>Gorrtnur,</span> <span class='ocrx_word' id='word_1_290' title='bbox 752 4836 804 4887; x_wconf 85' lang='lat' dir='ltr'>Les</span> <span class='ocrx_word' id='word_1_291' title='bbox 821 4844 915 4886; x_wconf 79' lang='lat' dir='ltr'>comtes</span> <span class='ocrx_word' id='word_1_292' title='bbox 932 4836 962 4885; x_wconf 87' lang='lat' dir='ltr'>de</span> <span class='ocrx_word' id='word_1_293' title='bbox 982 4834 1079 4902; x_wconf 82' lang='lat' dir='ltr'>Ciriny,</span> <span class='ocrx_word' id='word_1_294' title='bbox 1099 4850 1147 4902; x_wconf 93' lang='lat' dir='ltr'>pp.</span> <span class='ocrx_word' id='word_1_295' title='bbox 1170 4848 1215 4900; x_wconf 86' lang='lat'>117</span> <span class='ocrx_word' id='word_1_296' title='bbox 1234 4843 1263 4884; x_wconf 88' lang='lat' dir='ltr'>ct</span> <span class='ocrx_word' id='word_1_297' title='bbox 1280 4834 1353 4885; x_wconf 89' lang='lat' dir='ltr'>suiv.</span> <span class='ocrx_word' id='word_1_298' title='bbox 1374 4831 1432 4886; x_wconf 86' lang='lat' dir='ltr'>Cir.</span> <span class='ocrx_word' id='word_1_299' title='bbox 1448 4842 1531 4884; x_wconf 89' lang='lat' dir='ltr'>notre</span> <span class='ocrx_word' id='word_1_300' title='bbox 1549 4831 1708 4897; x_wconf 78' lang='lat' dir='ltr'>chronique,</span> 
     </span>
    </p>
   </div>
   <div class='ocr_carea' id='block_1_5' title="bbox 517 4925 779 4995">
    <p class='ocr_par' dir='ltr' id='par_1_5' title="bbox 517 4925 779 4995">
     <span class='ocr_line' id='line_1_36' title="bbox 517 4925 779 4995; baseline -0.004 -19"><span class='ocrx_word' id='word_1_301' title='bbox 517 4945 543 4995; x_wconf 77' lang='lat'><strong>5</strong></span> <span class='ocrx_word' id='word_1_302' title='bbox 572 4940 598 4991; x_wconf 92' lang='lat' dir='ltr'>p.</span> <span class='ocrx_word' id='word_1_303' title='bbox 612 4940 645 4987; x_wconf 71' lang='lat' dir='ltr'>to</span> <span class='ocrx_word' id='word_1_304' title='bbox 656 4932 686 4974; x_wconf 90' lang='lat' dir='ltr'>et</span> <span class='ocrx_word' id='word_1_305' title='bbox 699 4938 723 4974; x_wconf 92' lang='lat' dir='ltr'>c.</span> <span class='ocrx_word' id='word_1_306' title='bbox 737 4925 779 4988; x_wconf 83' lang='lat'>98.</span> 
     </span>
    </p>
   </div>
   <div class='ocr_carea' id='block_1_6' title="bbox 0 0 2232 6116">
    <p class='ocr_par' dir='ltr' id='par_1_6' title="bbox 0 0 2232 6116">
     <span class='ocr_line' id='line_1_37' title="bbox 0 0 2232 6116; baseline 0 0"><span class='ocrx_word' id='word_1_307' title='bbox 0 0 2232 6116; x_wconf 95' lang='lat' dir='ltr'> </span> 
     </span>
    </p>
   </div>
  </div>
 </body>
</html>
