4450 6125
876 901 1031 987 Sancti
1063 904 1276 987 liuberti.
1592 931 1647 1012 99

507 1194 573 1247 lica
600 1195 719 1262 maiori
744 1195 864 1249 Sancte
888 1196 995 1250 Marie
1017 1214 1151 1267 semper
1177 1200 1324 1267 virginis
1349 1198 1536 1267 genetricis
1564 1196 1646 1249 Dei¹
1699 1211 1771 1265 1077.

507 1283 678 1335 mandavit
714 1282 806 1346 fieri,
841 1294 871 1337 et
908 1286 999 1337 inter
1034 1287 1210 1337 missarum
1246 1284 1467 1352 sollempnia,
1506 1299 1648 1336 exorsus

506 1385 695 1423 sermonem
728 1387 788 1438 pro
818 1371 987 1439 qualitate
1019 1371 1181 1439 periculi,
1214 1373 1372 1424 omnibus
1403 1370 1649 1423 indifferenter

507 1457 610 1510 unius
633 1457 700 1508 diei
725 1459 923 1510 continuum
947 1459 1113 1525 jejunium
1140 1459 1280 1521 indixit,
1307 1467 1339 1510 et
1364 1469 1398 1510 ut
1422 1458 1542 1509 darent
1569 1473 1648 1524 pau-

462 1570 476 1622 ς
507 1552 647 1619 peribus
681 1568 745 1619 que
779 1554 1027 1606 subtrahebant
1055 1554 1136 1609 sibi.
1170 1546 1307 1624 Quanta
1334 1555 1450 1608 autem
1482 1544 1583 1608 fuerit
1610 1544 1646 1607 in

505 1649 743 1711 exhortatione
762 1651 931 1711 sermonis
951 1649 1025 1725 ejus
1045 1650 1216 1721 omnium,
1235 1648 1388 1728 ipsorum
1403 1645 1508 1708 etiam
1523 1645 1648 1727 Judeo·

506 1767 585 1812 rum
598 1750 620 1822 ²,
642 1751 873 1830 compunctiO,
891 1769 997 1832 quam
1017 1750 1139 1813 alacris
1162 1747 1280 1810 indicti
1302 1747 1420 1825 jejunii
1440 1756 1475 1810 et
1491 1746 1647 1809 elemosi-

506 1868 630 1913 narum
659 1852 824 1925 executio,
854 1863 1102 1934 consequenter
1132 1850 1281 1912 ostendit
1312 1848 1371 1910 Dei
1399 1848 1648 1929 omnipotentis

506 1952 690 2015 nliseratiO.
722 1952 808 2014 Nam
838 1958 872 2014 in
901 1953 1104 2025 crastinum,
1134 1958 1256 2011 abbate
1286 1958 1404 2009 missas
1433 1957 1645 2020 celebrante,

448 2065 477 2101 ro
505 2051 621 2102 statim
658 2060 693 2103 ut
724 2067 778 2103 eas
809 2052 1024 2114 terminavit,
1057 2061 1150 2103 tanta
1182 2063 1316 2118 tamque
1348 2051 1497 2103 salubris
1530 2051 1647 2117 pluvia

504 2138 633 2204 erupit,
663 2146 697 2188 ut
725 2138 848 2204 passim
880 2137 1115 2188 revirentibus
1144 2138 1270 2203 campis
1298 2136 1423 2203 jamdiu
1451 2136 1645 2201 desperata,

505 2221 565 2274 Dei
610 2225 719 2292 gratia
764 2224 925 2285 donante,
970 2223 1162 2288 largissima
1205 2224 1278 2291 ejus
1321 2224 1398 2273 anni
1446 2222 1646 2289 proveniret

505 2324 637 2360 messis.

541 2520 601 2578 88.
625 2513 705 2591 (lo.)
727 2515 799 2577 Sub
826 2516 947 2577 eodem
973 2525 1129 2596 tempore
1150 2516 1248 2579 afluit
1271 2516 1509 2579 Theoderico*
1530 2515 1644 2579 abbati

441 2631 469 2684 ις
501 2615 627 2696 legatio
644 2616 825 2678 Helinandi
838 2609 875 2655 ⁶³
899 2618 1137 2680 Laudunensis
1160 2618 1319 2698 episcopi,
1339 2627 1389 2690 ut,
1406 2618 1432 2678 si
1449 2619 1532 2698 quid
1552 2618 1644 2697 apud

500 2734 581 2778 eum
602 2728 714 2796 posset
729 2719 780 2780 vel
796 2720 878 2797 ipse,
896 2720 948 2781 vel
963 2719 1099 2781 ecclesia
1122 2718 1305 2780 commissa
1328 2718 1391 2780 sibi
1407 2720 1430 2788 ⁴,
1447 2718 1646 2781 concederet

498 2817 528 2879 ei
545 2814 687 2880 fratrem
704 2836 815 2881 unum
835 2840 895 2882 sue
916 2820 1152 2891 institutionis,
1171 2838 1274 2902 quem
1290 2820 1467 2882 ordinaret
1485 2820 1644 2882 abbatem

498 2917 637 2981 ecclesie
650 2919 818 2982 Vincentii
833 2920 997 3001 martyris
1008 2912 1030 2982 ⁵.
1046 2921 1079 2981 ld
1095 2938 1175 2982 cum
1188 2921 1293 2982 abbas
1304 2922 1447 2981 omnino
1460 2928 1643 2992 recusaret,

498 3020 679 3101 episcopus
704 3038 784 3083 vero
810 3022 873 3084 hoc
899 3021 1013 3102 ipsum
1043 3021 1093 3084 bis
1119 3030 1239 3103 terque
1264 3020 1501 3102 importunius
1529 3038 1644 3099 repos-

435 3146 469 3184 ιο
498 3132 602 3195 ceret,
632 3123 770 3184 tandem
800 3123 907 3185 relato
935 3123 1077 3185 consilio
1107 3124 1149 3184 ad
1179 3141 1400 3185 communem
1430 3122 1643 3184 audientiam

497 3222 638 3303 capituli
652 3236 673 3295 ⁶,
693 3223 879 3285 unanimi&
899 3222 1043 3285 fratrum
1066 3223 1241 3286 electione.
1265 3223 1435 3284 domnum
1458 3222 1643 3283 adalbero·

499 3341 578 3385 nem
609 3322 819 3386 Laudunum
849 3326 1002 3395 deduxit,
1031 3343 1193 3405 eumque,
1220 3342 1255 3386 se
1285 3337 1452 3404 presente,
1483 3325 1642 3385 abbatem

497 3422 634 3484 ecclesie
649 3422 738 3485 beati
753 3422 920 3484 Vincentii
937 3424 1090 3484 ordinari
1107 3424 1283 3484 concessit.

531 3655 558 3687 n.
579 3637 722 3689 teoderico
734 3640 771 3691 A.
782 3666 813 3677 -
832 3637 854 3690 b.
873 3638 996 3690 elinandi
1010 3640 1045 3689 A.
1060 3668 1090 3676 -
1107 3657 1130 3688 c.
1150 3639 1275 3705 capitolii
1289 3641 1324 3690 Α.
1336 3668 1367 3677 -
1386 3640 1411 3689 d.
1431 3641 1557 3690 unamini
1570 3640 1608 3689 A.

436 3999 449 4035 a
455 3999 467 4049 5
536 3991 543 4017 ¹
562 3983 639 4035 C'est
650 3983 676 4035 la
688 3984 848 4036 cathedrale
859 3985 894 4035 de
909 3984 1014 4035 Reims.

535 4077 544 4103 ²
564 4069 603 4120 Le
624 4069 680 4120 l'itn
696 4070 855 4131 Theoderici,
875 4087 899 4121 c.
920 4072 960 4129 26,
979 4087 1079 4121 source
1096 4071 1132 4121 de
1150 4081 1232 4121 notre
1249 4082 1360 4128 auteur,
1380 4085 1415 4120 ne
1432 4069 1526 4120 donne
1544 4085 1592 4134 pas
1609 4084 1641 4119 ce

500 4158 564 4206 trait
578 4158 702 4224 etrange.

533 4249 544 4287 s
563 4241 634 4310 Voy.
648 4243 792 4303 cidessus,
811 4260 838 4310 p.
853 4259 894 4306 34,
909 4260 925 4293 n
951 4245 976 4296 6.

533 4327 643 4381 ⁴N0us
660 4346 748 4381 avons
766 4347 802 4381 vu
822 4331 862 4382 les
881 4331 1026 4397 multiplea
1045 4332 1195 4384 donatiuns
1216 4331 1367 4382 d'Elinand
1385 4339 1412 4381 et
1431 4330 1465 4381 de
1484 4329 1589 4396 l'eglise
1606 4329 1641 4378 de

436 4429 471 4477 30
501 4415 579 4466 laon
596 4432 630 4467 en
648 4414 744 4466 faveur
760 4416 794 4467 de
812 4417 1017 4468 saint-Hubert
1029 4418 1078 4468 des
1091 4417 1199 4469 l'annee
1216 4432 1287 4481 ¹07¹·
1304 4416 1464 4483 Chroniqne,
1479 4430 1503 4466 c.
1520 4429 1547 4477 η
1562 4414 1639 4479 (to):

499 4501 566 4552 c'est
576 4505 593 4551 a
604 4500 674 4552 elles
685 4517 741 4567 que
753 4501 779 4552 le
792 4518 905 4568 passage
917 4503 1051 4553 cidessus
1065 4502 1112 4553 fait
1125 4503 1256 4555 allusion.

534 4586 775 4639 §Saint-Vincent
796 4588 830 4638 de
851 4586 939 4648 laon,
962 4592 1122 4640 monastere
1141 4590 1210 4641 dont
1231 4590 1257 4640 la
1278 4589 1422 4640 fondation
1443 4597 1485 4639 est
1501 4585 1642 4638 attribute

499 4677 514 4723 a
538 4672 701 4725 Brunehaut
724 4690 788 4725 vers
809 4677 866 4738 580.
889 4674 959 4725 Tres
980 4679 1115 4741 prospere
1136 4692 1170 4726 au
1194 4675 1258 4726 Vlle
1278 4675 1373 4736 siecle,
1394 4675 1508 4726 deraste
1532 4688 1581 4740 par
1603 4674 1642 4723 les

500 4759 663 4812 Normands
681 4777 715 4811 au
735 4760 786 4812 lX⁶
804 4761 898 4819 siecle,
919 4761 937 4811 il
957 4760 998 4811 fut
1019 4763 1143 4812 restauro
1162 4778 1197 4813 en
1216 4762 1260 4816 061
1283 4778 1332 4828 par
1352 4762 1479 4829 l'evi·que
1498 4760 1641 4826 Rodrigue

436 4865 467 4916 35
501 4845 641 4912 (Retico),
661 4849 708 4914 qui
727 4864 744 4915 )·
764 4847 862 4914 appele
882 4847 922 4898 les
943 4849 1051 4899 moines
1069 4849 1104 4900 de
1126 4848 1239 4914 Fleury.
1261 4848 1351 4899 Gallia
1367 4847 1533 4923 Christiana,
1556 4859 1576 4896 t.
1593 4845 1640 4902 lx,

502 4933 557 4985 col.
573 4932 621 4996 566
633 4942 659 4984 et
673 4934 745 4984 suiv.
