4450 6125
813 833 968 914 Sancti
998 832 1208 913 Haberti.
1519 828 1590 934 175

457 1125 569 1188 visum
590 1137 641 1189 est
659 1128 775 1190 abbati
791 1146 859 1190 non
873 1147 908 1190 se
923 1129 1153 1210 ingerendum
1176 1138 1304 1191 temere
1318 1130 1403 1190 irate
1424 1128 1594 1209 potestati.

455 1226 647 1288 cedendum
674 1227 851 1291 interdum
887 1228 1023 1317 fortune
1056 1240 1090 1292 et
1125 1231 1288 1309 tempori,
1319 1230 1424 1311 idque
1451 1247 1471 1292 a
1500 1229 1596 1291 nullo

456 1327 608 1406 sapiente
640 1328 889 1410 imputandum
919 1331 1072 1406 crimini,
1109 1348 1190 1393 cum
1222 1332 1295 1411 ipse
1331 1330 1497 1392 Dominus
1533 1348 1596 1410 pro

457 1428 692 1507 persecutione
704 1430 747 1491 de
762 1429 898 1494 civitate
914 1432 950 1492 in
963 1432 1139 1494 civitatem
1151 1431 1354 1513 fugiendum
1368 1430 1560 1511 preceperit
1572 1437 1593 1492 ¹.

418 1539 430 1588 s
457 1528 512 1593 Sic
532 1529 674 1592 interim
694 1532 815 1593 abbate
834 1543 997 1607 cessante,
1014 1551 1095 1595 cum
1112 1533 1292 1595 audiretur
1307 1533 1472 1594 Otbertus
1487 1550 1506 1593 a
1522 1532 1595 1593 loco

455 1633 639 1707 recessisse,
657 1633 726 1711 jam
745 1635 897 1695 securior
915 1635 987 1714 ipse
1008 1635 1112 1696 abbas
1137 1635 1178 1696 ad
1204 1633 1452 1718 monasterium
1479 1634 1594 1695 venire

454 1733 652 1804 maturavit,
670 1742 705 1794 et
719 1733 934 1814 aliquamdiu
953 1744 1107 1796 moratus
1122 1752 1202 1796 cum
1217 1732 1391 1807 tratribus,
1408 1736 1444 1795 in
1459 1741 1593 1795 senten·

454 1832 537 1895 tiam
565 1850 672 1916 quam
702 1836 864 1897 tuebatur
892 1852 949 1897 eos
978 1836 1148 1915 reposuit,
1178 1853 1367 1915 eorumque
1401 1837 1501 1896 rebus
1530 1850 1593 1914 pro

454 1941 605 2014 tempore
620 1936 797 2011 ordinatis,
813 1936 880 1998 Deo
894 1935 970 1998 illos
984 1936 1204 1997 committens
1219 1936 1366 1998 recessit.

406 2146 431 2181 ¹0
494 2140 552 2198 ts.
568 2133 647 2215 (87.)
671 2135 735 2196 Per
759 2135 853 2197 idem
875 2148 889 2173 ‘¹
910 2143 1048 2214 tempus
1069 2136 1081 2162 ⁸
1106 2138 1148 2198 ad
1176 2146 1405 2217 augmentum
1430 2135 1591 2216 episcopii

454 2239 615 2318 querebat
629 2236 795 2299 Otbertus
815 2254 928 2298 emere
949 2246 1101 2299 castrum
1118 2237 1341 2299 Coviniacum
1358 2228 1379 2306 ³,
1404 2238 1494 2317 quod
1518 2248 1591 2299 erat

483 2443 507 2475 a.
524 2425 617 2478 iddem
631 2426 668 2477 A.

486 2739 493 2766 ¹
513 2731 627 2793 Mam,
645 2729 763 2796 Evang.,
782 2729 888 2791 XXIII,
909 2743 939 2792 34
960 2744 966 2779 :
986 2759 1018 2767 -
1031 2758 1064 2767 —
1076 2757 1108 2766 -
1126 2736 1150 2779 et
1164 2731 1359 2796 persequemini
1375 2728 1542 2797 (prophetas)
1560 2730 1590 2779 de

454 2820 554 2868 civitate
565 2821 593 2868 in
606 2819 748 2867 civitatem.

402 2897 428 2948 ¹5
487 2912 496 2940 ²
514 2905 650 2956 Periclem
669 2912 779 2971 ternpus,
795 2904 962 2957 cestii-dire
980 2920 1043 2955 vers
1059 2905 1085 2954 la
1102 2903 1140 2953 fin
1158 2904 1193 2954 dc
1213 2918 1285 2968 1093·
1304 2904 1359 2954 Car
1376 2904 1460 2954 d'une
1478 2913 1549 2970 part,
1564 2903 1589 2955 la

458 2991 603 3059 chronique
618 2991 749 3057 presente
765 2989 864 3041 I'achat
880 2991 915 3041 de
932 2989 1044 3042 Couvin
1061 2998 1088 3039 et
1105 2989 1267 3040 l'intrusion
1278 2989 1466 3057 d'Ingobrand
1479 3005 1589 3040 comme

452 3080 622 3144 posterieurs
637 3082 653 3129 a
671 3078 695 3129 la
713 3079 795 3129 visite
813 3077 954 3136 d'Otbert,
974 3076 989 3128 6
1011 3077 1064 3127 mai
1087 3091 1159 3142 1093,
1179 3086 1207 3127 et
1226 3092 1336 3128 comme
1354 3076 1511 3126 ante'rieurs
1530 3079 1544 3125 ἐι
1565 3076 1589 3127 la

451 3176 524 3217 mort
539 3165 689 3226 d’ArnouI,
706 3165 776 3216 abbe
793 3165 828 3216 de
845 3164 967 3225 Lobbes,
988 3166 1100 3215 1‘1a0i1t
1118 3178 1189 3229 1094.
1209 3164 1323 3214 D'autre
1340 3173 1411 3230 part,
1430 3164 1588 3230 Ingobrand

449 3247 491 3300 tut
519 3250 590 3302 abbe
616 3251 740 3317 pendant
763 3251 881 3301 environ
908 3251 982 3301 deux
1009 3265 1067 3309 ans,
1092 3256 1144 3318 per
1166 3249 1302 3299 biennium
1319 3250 1380 3314 sere
1403 3266 1452 3316 qno
1473 3250 1586 3316 prefuit,

348 3318 398 3359 ²⁰
445 3336 609 3399 cidessous,
628 3352 649 3387 c.
666 3351 700 3401 90
716 3337 807 3404 (114);
828 3351 861 3387 or
879 3336 897 3385 il
916 3335 957 3386 lut
975 3336 1097 3387 destitui
1115 3336 1173 3386 lors
1191 3336 1226 3386 de
1244 3335 1359 3386 l'affaire
1376 3336 1411 3386 de
1429 3335 1586 3397 Clermont,

443 3437 571 3488 en‘1095,
585 3424 748 3484 ci-dessous,
761 3439 785 3475 c.
800 3426 831 3488 78
845 3423 917 3490 (97).
935 3423 1017 3474 Certe
1031 3423 1095 3474 date
1107 3423 1142 3473 de
1158 3437 1219 3488 1093
1232 3422 1348 3473 souleve
1362 3438 1417 3473 une
1429 3422 1565 3474 difficulte
1580 3439 1586 3473 :

436 3506 474 3560 la
492 3511 587 3561 charte
604 3510 712 3562 d'achat
731 3511 766 3561 de
784 3510 896 3561 Gourin
914 3518 996 3576 porte
1013 3509 1040 3560 la
1058 3509 1122 3560 date
1140 3509 1175 3560 de
1197 3508 1268 3574 1096,
1289 3523 1318 3570 14
1333 3508 1404 3576 juin.
1425 3508 1586 3571 Knorncr,

430 3612 521 3649 ouvr.
534 3599 593 3653 citt,
609 3612 637 3663 p.
654 3611 692 3663 19,
706 3612 733 3647 n.
752 3612 773 3658 1,
787 3612 823 3648 en
835 3597 889 3647 tite
901 3604 1049 3664 argument
1062 3604 1161 3646 contre
1174 3595 1198 3645 la
1212 3595 1333 3646 veracite
1345 3606 1373 3645 et
1386 3595 1587 3660 l'impartialite

426 3684 482 3735 de
493 3693 577 3737 notre
592 3684 751 3751 chronique.
768 3683 802 3735 Je
819 3699 854 3734 ne
870 3684 934 3749 puis
950 3691 1079 3749 partager
1094 3690 1139 3733 cet
1151 3683 1230 3733 avis:
1248 3689 1272 3731 1⁰
1283 3681 1309 3732 la
1324 3681 1476 3748 chronique
1487 3681 1586 3733 etablit

310 3748 342 3797 ⁵
431 3782 487 3822 un
499 3780 613 3838 rapport
632 3779 714 3822 entre
731 3771 757 3822 la
773 3771 950 3822 nomination
965 3768 1154 3837 d'lngobrand
1171 3778 1200 3819 et
1216 3768 1257 3819 les
1273 3769 1464 3836 negociations
1480 3784 1515 3820 en
1532 3785 1587 3821 vue

421 3860 482 3911 de
498 3858 598 3911 l’achat
609 3860 645 3911 de
656 3858 769 3910 Couvin
784 3875 789 3909 :
804 3858 995 3926 negociatious
1008 3866 1036 3906 ct
1048 3858 1128 3907 achat
1141 3864 1204 3907 sont
1221 3856 1295 3906 deux
1312 3859 1410 3907 choses
1426 3855 1585 3915 distinctes;

420 3953 475 3995 2⁰
491 3946 516 3997 la
532 3946 597 3997 date
612 3946 648 3997 de
663 3945 726 4010 1096
739 3953 781 3996 est
797 3943 869 3995 celle
885 3945 919 3995 de
932 3943 957 3995 la
970 3946 1079 4003 charte;
1098 3943 1167 3994 mais
1180 3944 1241 3993 rien
1253 3958 1289 3993 ne
1301 3957 1409 4008 prouve
1421 3958 1476 4009 que
1489 3958 1520 3993 ce
1532 3944 1586 3994 soit

411 4033 517 4085 celle
532 4033 568 4084 de
585 4032 684 4084 l'achat
700 4032 858 4091 lui-meme5
877 4048 911 4082 au
928 4031 1079 4091 contraire,
1097 4030 1117 4080 il
1129 4039 1172 4081 est
1184 4033 1199 4079 ἐι
1212 4044 1375 4095 remarquer
1386 4044 1441 4096 que
1453 4029 1479 4080 la
1492 4031 1588 4081 charte

410 4123 508 4172 tout
525 4120 633 4172 entiere
649 4119 780 4171 s'enonce
795 4134 830 4170 au
848 4118 927 4185 passe
938 4117 1034 4178 defini,
1047 4117 1145 4184 jamnis
1156 4132 1191 4167 au
1204 4115 1327 4182 present.
1341 4116 1413 4181 Voy.
1427 4131 1461 4166 au
1474 4116 1587 4180 surplus

406 4196 472 4257 la
491 4206 615 4259 decisive
639 4205 791 4258 refutation
812 4206 847 4257 de
869 4204 1007 4267 Krollick,
1030 4218 1080 4270 par
1100 4202 1246 4263 Caunum,
1265 4218 1340 4254 cam.
1360 4204 1418 4262 citt,
1440 4208 1467 4250 20
1485 4201 1584 4265 partie,

404 4299 491 4360 pp.
507 4295 538 4346 28
551 4302 579 4345 et
592 4293 665 4345 suiv.

478 4388 489 4427 3
506 4380 547 4432 La
562 4382 660 4431 charte
675 4378 783 4430 d'achat
800 4378 835 4429 de
848 4377 960 4428 Couvin
973 4392 988 4428 a
1000 4376 1045 4428 ete
1058 4374 1149 4427 editee
1162 4390 1197 4425 en
1209 4374 1323 4425 dernier
1334 4373 1391 4424 lieu
1404 4387 1453 4438 par
1470 4371 1497 4425 S.
1513 4371 1587 4422 Bon·

406 4468 534 4528 Mass,
554 4464 710 4519 cartulaire
726 4465 756 4514 de
771 4464 798 4515 la
814 4480 953 4514 corennum
968 4464 998 4512 de
1016 4462 1129 4515 canan,
1150 4476 1195 4527 pp.
1219 4475 1227 4510 1
1246 4467 1274 4511 et
1291 4460 1363 4511 suiv.
1383 4457 1422 4509 La
1441 4458 1533 4508 raison
1550 4456 1586 4506 de

310 4608 322 4617 ,
401 4541 633 4622 l’acquisition
644 4567 662 4619 y
674 4561 716 4603 est
728 4551 854 4619 precise'e
866 4566 976 4602 comme
988 4550 1045 4600 suit
1064 4567 1070 4600 ε
1087 4555 1195 4617 propter
1210 4552 1303 4616 pacem
1320 4552 1345 4595 et
1363 4542 1585 4611 tranquillitatem

310 4623 325 4657 ³
390 4637 565 4706 perpetuo
580 4637 737 4694 habendam,
753 4640 815 4706 qnia
828 4637 1008 4703 malefactores
1025 4634 1119 4686 ibidem
1135 4641 1326 4685 corneaarantes
1341 4632 1445 4698 rapinis
1460 4639 1485 4680 et
1497 4630 1587 4697 predis

398 4724 554 4795 aliisque
570 4725 697 4777 ntalestiis
714 4724 900 4777 miserabiliter
917 4722 1045 4774 vacabant
1061 4726 1248 4788 episcopatum.
1269 4718 1382 4771 Notons
1399 4734 1415 4785 y
1434 4718 1524 4784 parmi
1546 4716 1586 4766 les

406 4809 565 4866 te‘moins
579 4830 586 4865 ε
600 4811 666 4863 laici
681 4810 775 4862 nabiles
791 4812 837 4862 isti
849 4827 859 4860 .·
872 4839 904 4847 -
914 4839 946 4847 -
955 4838 987 4847 —
1004 4807 1124 4875 Wigcrus
1137 4808 1167 4857 de
1182 4805 1207 4856 T
1205 4806 1280 4861 udin,
1296 4834 1329 4843 -
1338 4833 1369 4842 -
1379 4833 1411 4841 -
1424 4800 1586 4867 .·lrnnlplens

405 4893 478 4945 de
488 4898 698 4951 Rane---.

310 4181 321 4209 b
