4450 6125
946 857 1100 936 Sancti
1132 851 1343 934 Huberti.
1620 879 1701 961 229

564 1150 698 1226 scripsit
733 1150 885 1211 Rcmensi
919 1168 1025 1228 nuper
1059 1149 1312 1227 archiepiscopo,
1347 1154 1385 1208 ut
1416 1149 1579 1209 clauderet
1609 1148 1704 1211 nobis

565 1255 675 1327 aperta
698 1252 821 1311 viscera
840 1262 923 1311 sue·
938 1252 1102 1322 karitatis,
1119 1258 1148 1310 ct
1167 1250 1351 1329 prohiberet
1372 1268 1429 1310 nos
1451 1268 1470 1308 a
1482 1248 1614 1325 finibus
1632 1251 1703 1311 suis

565 1356 592 1412 et
605 1350 793 1412 constitutis
808 1354 897 1429 apud
911 1354 1053 1432 sejustis
1068 1352 1326 1430 possessionibus
1343 1353 1476 1414 nostris.
1491 1351 1604 1431 Neque
1619 1358 1704 1412 certe

566 1454 644 1514 satis
666 1452 735 1528 fuit
748 1454 858 1532 glorie
879 1461 990 1523 vestre,
1008 1454 1239 1515 ecclesiasticas
1261 1471 1417 1528 personas
1440 1454 1473 1512 in
1491 1472 1548 1514 nos
1562 1472 1701 1515 commo·

526 1572 541 1627 ς
567 1553 659 1628 visse,
682 1554 770 1632 quod
794 1559 967 1633 utcumque
988 1554 1094 1631 fuerit
1118 1553 1302 1626 tolerabile,·
1323 1555 1378 1614 sed
1398 1559 1427 1614 et
1447 1557 1609 1615 conducite
1631 1573 1705 1630 pre·

566 1655 666 1715 seritic
698 1661 807 1727 vestre,
842 1657 1053 1735 quamplures
1082 1654 1285 1716 secularium
1318 1655 1533 1716 tirannorum
1567 1656 1610 1715 ad
1646 1673 1705 1716 nos

567 1757 789 1818 insectandum
816 1759 951 1835 premiis
979 1763 1009 1817 et
1036 1757 1310 1835 promissionibus
1335 1755 1502 1828 armastis,
1532 1760 1562 1815 et
1589 1760 1703 1816 contra

565 1863 753 1919 sanctorum
776 1877 939 1919 canonum
961 1859 1097 1931 decreta,
1126 1857 1168 1916 ad
1193 1857 1396 1916 audientiam
1419 1873 1534 1916 eorum
1556 1874 1613 1915 nos
1635 1857 1704 1916 vio-

569 1960 669 2018 lenter
683 1960 852 2038 coegistis,
872 1962 930 2038 qui
952 1961 986 2019 in
1009 1977 1067 2019 nos
1089 1959 1171 2019 satis
1193 1959 1405 2018 humaniores
1426 1957 1566 2016 haritate
1587 1960 1702 2028 vestra,

517 2080 544 2116 ιο
568 2047 641 2120 cum
668 2060 901 2139 intelligerent,
930 2061 1031 2120 immo
1053 2061 1270 2131 mirarentur,
1296 2076 1351 2120 vos
1375 2077 1395 2118 a
1418 2058 1528 2133 priori
1548 2059 1705 2135 sententia

571 2162 716 2223 veritatis
731 2162 913 2233 dissentire,
931 2163 1178 2222 exhorruerunt
1197 2162 1283 2221 inter
1299 2179 1358 2221 nos
1372 2165 1521 2231 tractare,
1539 2163 1626 2239 quod
1642 2178 1706 2220 non

567 2264 635 2324 erat
657 2281 770 2325 eorum
791 2263 949 2339 judicare.
974 2262 1077 2324 Nobis
1098 2269 1205 2324 autem
1229 2263 1433 2323 audientiam
1455 2263 1504 2324 vet
1525 2261 1703 2336 Remensis,

568 2363 617 2422 vel
632 2362 864 2423 Laudunensis
879 2364 1005 2424 ecclesie
1021 2363 1285 2438 reclamantibus,
1302 2364 1432 2424 tandem
1448 2363 1543 2423 Remi
1556 2364 1705 2424 conveni·

569 2481 654 2532 mus,
671 2463 778 2542 ibique
797 2482 871 2523 cum
887 2465 1040 2525 Manasse
1061 2464 1313 2542 archiepiscopo,
1332 2464 1599 2543 Engelramnum
1617 2464 1704 2525 Lau·

517 2579 542 2636 ¹⁵
568 2567 746 2626 dunensem
766 2567 963 2641 episcopum,
981 2566 1088 2644 pridie
1102 2564 1207 2626 Roma
1228 2583 1427 2644 regressum,
1444 2565 1646 2641 invenimus,·
1669 2567 1705 2626 in

567 2666 735 2727 audientia
756 2685 869 2728 corum
892 2668 969 2727 dato
990 2667 1079 2727 vobis
1103 2667 1172 2727 loco
1193 2685 1248 2727 vos
1269 2667 1470 2742 defendendi,
1488 2667 1580 2729 nobis
1595 2672 1704 2728 autem

567 2767 704 2829 libenter
721 2768 967 2828 concedentibus
986 2768 1106 2844 placito
1128 2774 1233 2829 vestro
1260 2771 1368 2829 cedere
1394 2769 1547 2849 vobisque
1565 2770 1702 2843 subesse,

566 2867 597 2926 si
615 2867 703 2927 salva
717 2865 789 2943 fide
800 2866 1013 2943 judicaretur
1035 2869 1127 2929 nobis
1148 2870 1184 2928 id
1199 2867 1283 2945 fieri
1303 2888 1403 2948 posse,
1426 2870 1515 2931 scitis
1537 2876 1619 2931 certe
1639 2888 1705 2950 quo

564 2967 690 3047 judicio
711 2974 844 3046 uterque
863 2971 1009 3046 pontilex
1026 2987 1159 3030 causam
1179 2978 1317 3046 vestram
1338 2971 1544 3044 concluserit,
1561 2973 1707 3033 videlicet

517 3083 547 3124 ιο
570 3070 664 3131 nullo
688 3071 783 3129 modo
808 3075 983 3146 competere
1004 3070 1091 3131 vobis
1112 3071 1162 3131 vel
1184 3090 1300 3132 nomen
1327 3074 1374 3132 vet
1398 3072 1542 3144 officium
1566 3073 1705 3143 abbatis,

569 3172 638 3232 nisi
655 3170 802 3231 Romana
821 3172 1000 3231 auctoritas
1021 3172 1055 3231 id
1073 3171 1258 3250 specialiter
1279 3174 1405 3233 rationi
1423 3178 1524 3234 vestre
1538 3174 1706 3251 adjudica-

568 3272 660 3345 verit,
676 3276 736 3331 aut
754 3271 917 3350 legatione
936 3273 1052 3344 veraci,
1075 3273 1190 3332 delatis
1209 3273 1284 3333 inde
1302 3275 1444 3352 signatis
1466 3275 1596 3346 litteris,
1618 3274 1707 3335 vobis

567 3372 820 3450 confirmaverit.
844 3372 1026 3433 Precamur
1050 3391 1142 3452 ergo,
1169 3392 1337 3435 monemus
1363 3379 1391 3434 et
1418 3375 1618 3436 obtestamur
1645 3374 1708 3435 sub

568 3474 775 3535 obtestatione
788 3473 954 3551 etjuticio
970 3474 1078 3534 divini
1092 3475 1249 3547 nominis,
1266 3493 1323 3553 per
1337 3479 1563 3537 auctoritatem
1579 3493 1705 3537 conces·

517 3589 544 3642 ἐς
568 3593 637 3635 sam
661 3575 750 3635 beato
772 3574 868 3634 Petro
888 3574 1019 3655 ejusque
1041 3576 1214 3653 apostolice
1233 3576 1312 3650 sedi,
1339 3581 1375 3636 ut
1391 3576 1465 3654 jam
1494 3577 1621 3637 tandem
1647 3579 1708 3638 ali-

569 3677 700 3755 quando
714 3680 742 3735 el
757 3680 860 3736 vestro
879 3684 906 3737 et
923 3682 1035 3738 nostro
1049 3678 1195 3754 periculo
1214 3678 1403 3750 consulatis,
1420 3684 1449 3740 et
1469 3679 1511 3738 ad
1524 3679 1709 3739 discernen-

568 3779 642 3837 dam
657 3795 790 3837 causam
806 3784 914 3838 nostre
928 3779 1141 3839 dissensionis
1156 3780 1324 3841 nobiscum
1338 3781 1504 3841 audientie
1516 3781 1661 3841 Romane
1672 3782 1708 3842 in

570 3884 706 3939 venturo
732 3878 812 3952 sesto
839 3879 996 3959 Syvnonis
1024 3887 1053 3941 et
1081 3880 1168 3954 Jude
1196 3899 1250 3941 vos
1279 3884 1480 3956 presentelis,
1507 3901 1640 3962 nosque,
1672 3888 1708 3944 ut

564 3978 694 4054 justum
725 3984 780 4050 est,
811 3998 850 4039 ex
879 3981 1050 4054 stipendiis
1079 3982 1206 4043 ecclesie
1233 3984 1350 4043 matris
1380 3989 1498 4055 nostre,
1530 4002 1592 4063 que
1620 3984 1709 4046 vobis

517 4094 549 4145 ⁵0
572 4078 775 4153 habundant,
795 4080 958 4140 vobiscum
974 4081 1152 4155 deducatis,
1169 4083 1218 4143 vel
1232 4085 1401 4144 concedere
1419 4085 1607 4164 dignemini
1625 4087 1710 4146 unde

603 4285 629 4319 a.
649 4266 729 4317 Dans
750 4266 786 4321 A,
810 4283 842 4315 on
860 4266 893 4317 lit
914 4282 971 4328 sua,
994 4274 1017 4316 et
1036 4267 1173 4316 audcssns
1193 4266 1223 4315 de
1244 4265 1332 4331 (su)a,
1356 4265 1445 4332 (su)e,
1467 4269 1536 4317 runis
1556 4265 1579 4317 le
1595 4266 1677 4318 scribe
1694 4284 1710 4315 a

571 4353 654 4403 vuilit
665 4353 849 4419 d'exponctuer
860 4369 884 4404 a,

574 4644 609 4695 de
624 4652 699 4696 cette
715 4646 887 4711 appellation
907 4648 976 4699 cite's
995 4663 1044 4714 par
1064 4648 1108 4699 Du
1129 4648 1234 4699 Chaos
1252 4656 1317 4700 sont
1333 4657 1398 4699 tous
1415 4647 1609 4700 notablement
1630 4649 1711 4700 anti-

576 4732 666 4782 rieurs
684 4734 699 4781 b
717 4732 847 4799 l'ipoquo
864 4734 899 4785 de
916 4742 1000 4785 notre
1020 4734 1183 4802 Chronique;
1206 4736 1279 4786 aussi
1297 4750 1332 4785 ne
1351 4735 1453 4801 puis-je
1472 4734 1660 4801 m'empecher
1677 4734 1712 4786 dc

517 4827 550 4877 35
576 4832 754 4883 soupconner
771 4819 839 4870 dans
858 4820 982 4887 l'emploi
999 4822 1034 4871 de
1050 4837 1082 4872 ce
1099 4830 1188 4873 terme
1203 4825 1218 4872 b
1236 4837 1339 4888 propos
1350 4821 1481 4874 d'Otbert
1500 4837 1555 4873 une
1573 4822 1713 4873 intention

574 4902 693 4955 d’ironie
704 4905 740 4956 de
751 4906 777 4956 la
790 4916 852 4972 part
863 4907 897 4958 de
909 4906 1030 4974 Thierry
1043 4908 1080 4961 ΙΙ.
