4450 6125
651 821 706 905 80
870 823 1182 921 Cantatorium
1211 826 1304 902 sive
1339 821 1589 905 Chronieort

493 1140 640 1194 ¹074·¹075.
652 1123 906 1203 deprehensum
929 1129 980 1183 est
1003 1123 1224 1193 machinasse,
1244 1133 1276 1183 et
1299 1140 1378 1182 cum
1400 1123 1570 1196 jamnon
1591 1122 1793 1185 exBosonis

651 1225 742 1297 odio,
764 1225 822 1285 sed
841 1242 881 1285 ex
900 1233 1120 1284 evocatorum
1139 1222 1264 1302 judicio
1283 1240 1385 1284 causa
1406 1224 1569 1302 penderet
1590 1223 1736 1295 abbatis,
1756 1223 1791 1286 in

652 1327 715 1386 hoc
734 1326 873 1386 tandem
896 1320 1066 1402 majorum
1085 1334 1118 1384 et
1140 1324 1323 1384 meliorum
1341 1324 1506 1385 sententia
1526 1324 1710 1395 consensit,
1728 1325 1792 1387 Ro·

651 1442 751 1485 mane
766 1424 900 1485 ecclesie
917 1424 1099 1502 proprium
1115 1441 1186 1484 esse
1202 1425 1243 1484 de
1258 1423 1419 1484 omnibus
1433 1421 1595 1502 judicare,
1611 1422 1697 1485 nulli
1710 1442 1794 1487 vero

649 1523 750 1585 licere
765 1524 805 1584 de
822 1523 895 1601 ejus
909 1522 1043 1600 judiciis
1059 1534 1242 1584 retractare
1253 1536 1280 1595 Δ,
1299 1540 1366 1583 non
1386 1521 1658 1584 succensendum
1675 1524 1793 1586 abbati
1836 1540 1847 1591 5

649 1625 741 1706 quod
770 1624 908 1685 ecclesie
940 1641 999 1685 sue
1032 1623 1270 1703 procuraverit
1297 1622 1529 1686 defensionem
1556 1632 1590 1684 et
1618 1624 1793 1687 auxilium

649 1724 832 1804 apostolice
847 1723 1072 1797 auctoritatis
1087 1741 1179 1794 cum,
1193 1741 1255 1784 nec
1271 1722 1306 1784 in
1318 1741 1432 1796 sensu,
1446 1725 1551 1784 necin
1565 1725 1669 1783 verbo
1681 1725 1797 1786 exclu-

649 1827 731 1889 serit
749 1826 901 1887 debitam
923 1825 1170 1904 subjectionem
1194 1824 1331 1886 ecclesie
1357 1822 1569 1887 Leodiensie.
1588 1825 1798 1906 indignatus

649 1928 697 1989 sic
722 1944 821 1989 suam
853 1927 939 1987 Boso
967 1928 1132 1988 adversus
1158 1926 1317 1988 abbatem
1343 1927 1574 2002 conjecturam
1599 1928 1797 2002 extenuari,

650 2039 789 2106 arrepto
818 2026 999 2105 privilegio
1027 2027 1069 2086 de
1099 2027 1212 2093 medio
1239 2044 1400 2088 consessu
1432 2045 1467 2088 se
1499 2027 1676 2089 subduxit.
1718 2027 1802 2108 lpso
1831 2048 1864 2089 ιο

650 2138 767 2191 tamen
789 2127 949 2206 episcopo
971 2128 1179 2188 reclamante
1202 2135 1235 2188 et
1256 2127 1460 2208 indignante
1480 2145 1560 2188 cum
1581 2129 1715 2200 ceteris,
1732 2147 1802 2193 cur

650 2229 753 2290 talem
786 2227 950 2307 injuriam
981 2225 1107 2289 faceret
1137 2227 1263 2298 abbati,
1298 2227 1398 2289 vellet
1433 2227 1536 2288 nollet
1569 2227 1801 2310 privilegium

651 2329 784 2409 publice
807 2329 989 2390 laudatum
1010 2339 1043 2389 et
1065 2328 1310 2390 auctorizatum
1335 2328 1495 2392 reddidit.
1513 2328 1631 2391 Soluta
1651 2339 1802 2394 conten-

650 2432 742 2493 tione
764 2430 869 2491 abbas
890 2430 1068 2491 absolutus
1093 2430 1240 2502 recessit,
1267 2431 1315 2491 sic
1340 2431 1513 2493 exinanita
1538 2431 1803 2498 existimatione

649 2531 699 2593 illi
735 2531 866 2607 objecte
901 2529 1153 2591 criminationis
1184 2541 1217 2592 et
1248 2532 1470 2608 comprobata
1501 2547 1582 2612 erga
1613 2529 1802 2595 ecclesiam
1835 2553 1865 2606 ις

652 2643 803 2694 nostram
821 2631 1023 2694 auctoritate
1044 2631 1197 2695 Romane
1216 2630 1432 2694 detensionis.
1461 2633 1518 2695 Est
1535 2642 1653 2695 autem
1673 2635 1804 2706 buius-

684 2847 709 2879 (ι,
729 2828 809 2879 Dans
821 2829 857 2884 Α,
873 2828 897 2878 le
908 2827 990 2878 scribe
1001 2830 1074 2878 averit
1084 2830 1150 2877 ierit
1162 2838 1351 2891 retractatare,
1365 2829 1388 2879 il
1397 2847 1413 2877 a
1425 2833 1528 2896 corrigi
1538 2846 1569 2879 en
1587 2839 1752 2882 retractare.
1771 2862 1805 2872 -

652 2915 675 2968 i.
694 2917 845 2967 leodiensis
858 2923 916 2965 teus
926 2915 963 2965 les
974 2918 1137 2965 eerauuscrr'is
1148 2923 1172 2964 et
1184 2923 1265 2965 teretes
1276 2915 1312 2965 les
1324 2917 1443 2968 editions.

651 3222 787 3274 entachee
799 3222 998 3290 d'optimisme,
1012 3232 1040 3274 et
1053 3225 1075 3273 si
1088 3223 1114 3274 la
1128 3224 1214 3285 bulle,
1227 3226 1275 3292 qui
1289 3225 1388 3291 placait
1403 3226 1528 3293 l'abbaye
1540 3226 1576 3277 dc
1589 3225 1805 3283 Saint-Hubert

652 3323 718 3359 sous
736 3309 762 3360 la
780 3308 881 3360 tuteile
900 3309 1062 3360 immediate
1080 3310 1117 3361 du
1139 3309 1320 3378 SaintSiege.
1343 3312 1506 3363 n'entamait
1525 3329 1573 3378 pas
1590 3313 1632 3364 les
1651 3313 1744 3367 droits
1764 3317 1805 3370 de
1834 3327 1868 3367 ιο

652 3394 780 3462 Ρὸνέᾳυε
805 3396 840 3447 de
867 3395 953 3462 Liege
979 3412 1027 3447 sur
1052 3405 1127 3448 cette
1155 3397 1270 3465 abbaye.
1300 3398 1376 3449 Pnur
1402 3399 1535 3451 resoudre
1561 3409 1636 3452 cette
1662 3405 1806 3469 question

651 3480 780 3542 delicate,
794 3482 813 3531 il
827 3480 884 3532 saut
901 3481 1016 3533 d'abord
1032 3483 1191 3551 distinguer
1206 3493 1286 3535 entre
1304 3485 1330 3535 la
1346 3485 1447 3551 simple
1463 3486 1563 3537 tutelle
1579 3501 1616 3538 ou
1634 3491 1805 3553 protection

651 3577 680 3620 et
698 3567 882 3633 l'exemption
900 3584 907 3620 ε
925 3583 975 3633 par
994 3567 1178 3634 l'exemption
1198 3569 1249 3634 (du
1268 3570 1359 3622 moins
1376 3570 1490 3637 lorsque
1508 3570 1616 3623 celle-ci
1633 3572 1703 3623 etait
1722 3588 1806 3628 com·

651 3655 752 3722 plere),
771 3670 826 3705 une
844 3654 951 3721 abbaye
969 3655 1036 3705 etait
1056 3657 1206 3706 soustraite
1222 3658 1237 3705 it
1253 3656 1279 3706 la
1294 3656 1459 3723 juridiction
1479 3659 1570 3709 meme
1586 3658 1748 3724 spirituelle
1766 3663 1806 3715 de

650 3741 824 3799 l’ordinaire;
845 3740 871 3791 la
890 3740 991 3791 tutelle
1009 3758 1045 3792 ou
1065 3742 1226 3807 protection
1244 3742 1341 3793 n'etait
1359 3743 1463 3810 qu’une
1483 3744 1655 3813 sauvegarde
1676 3761 1752 3812 pour
1775 3749 1805 3803 le
1835 3759 1866 3812 25

651 3828 790 3894 temporel
813 3837 841 3878 et
864 3828 1048 3895 n’exemptait
1071 3830 1107 3880 de
1131 3828 1156 3879 la
1178 3829 1343 3895 juridiction
1365 3830 1600 3897 episcopaleque
1621 3845 1804 3900 moyenmt

650 3912 822 3964 declaration
843 3913 971 3965 [ormella
991 3915 1026 3965 de
1047 3915 1137 3965 l'acte.
1164 3915 1234 3982 Voy.
1256 3915 1440 3977 Tnomssin,
1464 3916 1604 3967 Ance'enne
1625 3925 1650 3967 ei
1673 3920 1800 3973 nouvelle

651 3999 790 4066 discipline
810 4000 840 4050 de
859 3984 980 4065 l'Eglise,
1006 4010 1026 4051 t.
1049 3999 1098 4062 111,
1119 4017 1143 4052 c.
1167 4003 1207 4063 28,
1229 4017 1276 4068 pp.
1295 4015 1384 4066 30·3¹;
1407 4019 1444 4054 on
1463 4020 1481 4070 y
1500 4011 1632 4055 trouvera
1652 4004 1804 4071 plusieurs

652 4086 796 4152 exemples
814 4086 849 4138 de
868 4086 959 4138 bulles
976 4087 1012 4138 de
1029 4096 1103 4138 cette
1122 4088 1241 4155 epoque,
1259 4088 1410 4157 lesquelles
1427 4089 1573 4142 conterent
1592 4090 1618 4141 la
1636 4091 1741 4144 tutelle
1760 4109 1804 4149 ou

652 4174 822 4239 protection,
840 4188 876 4225 en
893 4173 1037 4224 reservant
1057 4172 1265 4225 iormellement
1283 4175 1323 4226 les
1339 4176 1428 4227 droits
1443 4176 1479 4227 de
1494 4175 1665 4230 l'ordinaire.
1686 4177 1730 4230 En
1749 4178 1803 4233 leit
1833 4193 1868 4245 ιο

652 4259 818 4326 cependant‚
834 4276 889 4311 une
902 4259 979 4311 bulle
991 4261 1026 4311 dc
1038 4260 1140 4311 tutelle
1151 4261 1245 4311 devait
1256 4262 1316 4313 etro
1333 4277 1388 4313 une
1399 4277 1499 4314 source
1510 4262 1546 4314 de
1557 4261 1710 4316 difficultes
1720 4275 1751 4317 et
1764 4267 1806 4320 de

652 4346 839 4397 diminutiuns
853 4361 924 4412 pour
937 4345 1078 4398 l‘autnrite
1090 4347 1259 4399 diocesaine.
1276 4347 1350 4398 C'est
1369 4348 1394 4398 ta
1410 4364 1441 4399 ce
1457 4349 1540 4416 qu'on
1551 4347 1670 4415 deplore
1681 4353 1698 4401 a
1711 4349 1805 4424 Liege

654 4441 681 4481 et
694 4433 709 4480 'a
724 4430 800 4498 lluy,
814 4432 883 4482 dans
900 4432 940 4481 les
956 4432 1068 4484 seances
1085 4434 1107 4484 si
1126 4433 1190 4484 bien
1202 4433 1323 4484 decritcs
1336 4451 1384 4500 par
1397 4446 1478 4486 rtotre
1492 4434 1661 4502 <tironique-
1672 4452 1711 4487 οτι
1724 4435 1804 4504 finit,

655 4515 674 4564 il
687 4528 728 4566 est
742 4518 810 4576 vrai,
825 4533 873 4582 par
886 4518 925 4583 s'y
939 4518 1058 4569 inclines
1073 4520 1176 4570 devant
1194 4519 1219 4570 la
1233 4520 1328 4585 parole
1344 4522 1381 4571 du
1399 4538 1482 4587 pape;
1497 4523 1565 4573 mais
1577 4522 1597 4573 il
1609 4522 1720 4575 semble
1732 4523 1805 4580 bien

655 4617 709 4667 quc
732 4602 797 4652 c'est
822 4619 872 4669 par
896 4607 1125 4657 reconnaissanee
1147 4606 1183 4656 du
1208 4607 1281 4657 droit
1304 4609 1453 4658 sottrerain
1476 4608 1511 4659 de
1532 4608 1624 4660 Rome
1645 4626 1652 4663 :
1673 4609 1806 4666 Rom
1834 4621 1867 4674 35

653 4689 756 4737 ecclesie
764 4691 905 4756 proprium
916 4706 969 4739 esse
979 4692 1009 4739 de
1019 4691 1280 4755 oerrerr'bresjudirare,
1296 4692 1389 4760 plutiit
1401 4694 1516 4761 qu’avec
1528 4694 1553 4745 la
1564 4696 1729 4749 conviction
1741 4715 1806 4768 que

656 4773 681 4823 la
698 4772 776 4824 bulle
792 4775 932 4827 n'entame
947 4793 995 4843 pas
1013 4777 1154 4829 l'autorite
1170 4778 1205 4829 de
1221 4778 1403 4830 l'ordinaire:
1420 4796 1482 4830 crem
1499 4797 1546 4830 nec
1561 4781 1590 4831 ἐπ
1605 4796 1686 4833 sensu
1703 4800 1753 4836 nec
1771 4789 1804 4840 ire

656 4858 728 4909 verbe
738 4861 881 4912 excluserit
891 4862 1001 4913 deditam
1014 4862 1198 4927 subjectionem
1210 4863 1312 4914 ecclesie
1323 4864 1471 4917 leodiensi.
