4450 6125
844 882 998 964 Sancti
1033 883 1244 965 Huberii.
1540 887 1614 996 139

482 1063 640 1074 ..—

478 1186 548 1230 tento
580 1179 666 1230 labere
700 1180 854 1246 querimus!
889 1178 949 1229 Cui
984 1194 1054 1230 cum
1093 1181 1186 1247 regio
1223 1196 1360 1231 munere
1389 1189 1503 1232 vestes
1532 1197 1617 1247 pene

478 1266 566 1318 nudo
600 1263 817 1332 proterreia,
848 1266 974 1332 abjecit
1009 1281 1063 1316 eas
1096 1266 1279 1334 Diogenes,
1313 1282 1470 1318 asserens
1504 1278 1616 1319 natum

479 1368 549 1404 cum
574 1352 725 1412 divitiis,
750 1352 803 1402 cui
828 1352 916 1419 quod
941 1351 1041 1403 habet
1066 1351 1214 1403 suiiicit.

512 1437 575 1488 Hic
598 1453 613 1488 a
638 1437 791 1489 barbaris
811 1453 846 1488 ex
863 1437 994 1489 libertate
1013 1439 1040 1488 in
1058 1439 1225 1489 servitutem
1240 1455 1343 1490 venum
1363 1440 1441 1500 ierat,
1455 1455 1540 1505 quem
1553 1455 1616 1490 cum
1653 1434 1752 1494 liner..

443 1535 456 1586 5
481 1540 573 1576 emere
585 1525 673 1576 vellet
685 1524 824 1575 Xeniades
833 1524 1009 1589 Corinthius,
1023 1533 1051 1575 et
1064 1526 1131 1591 quid
1141 1524 1251 1576 artificii
1262 1535 1357 1577 nosset
1367 1534 1615 1591 percunctaretur:
1629 1502 1776 1619 saltumalv

480 1611 586 1667 Novit,
625 1612 737 1678 inquit
773 1610 985 1678 Diogenesc,
1010 1611 1160 1662 hoiriine‘bus
1180 1611 1268 1662 liberis
1295 1615 1438 1678 imperare.
1472 1613 1617 1664 Miratus
1677 1584 1741 1631 ’Μ’

479 1697 646 1749 Xeniades
677 1713 874 1764 responsum
905 1698 993 1764 ejuS,
1024 1706 1172 1762 emptum
1198 1700 1216 1737 d
1241 1699 1333 1749 emisit
1365 1715 1459 1760 manu,
1487 1698 1618 1766 filiosque

479 1800 543 1837 suos
560 1785 585 1835 ei
605 1785 737 1836 tradens:
755 1785 863 1848 Accipe,
885 1785 1010 1851 inquit,
1030 1783 1122 1835 liberos
1140 1802 1216 1845 ineos,
1236 1785 1329 1852 quibus
1346 1787 1466 1851 imperes.

511 1870 602 1921 Idem
623 1870 833 1922 Alexander¹
848 1886 920 1921 cum
939 1870 977 1921 ad
997 1870 1220 1921 Brachmanas
1239 1872 1616 1936 pertransienseandem

431 1973 454 2010 ro
478 1966 611 2024 gentem
631 1956 731 2025 longe
749 1966 828 2008 ante
846 1957 1028 2008 didicisset
1046 1958 1130 2009 adeo
1148 1957 1300 2008 cohiberi
1319 1958 1469 2008 naturali
1488 1958 1617 2026 lege,ut

479 2045 617 2110 publice
635 2045 921 2111 philosophantes
941 2045 1057 2095 studio
1078 2045 1246 2095 virtutum
1268 2045 1352 2094 vitia
1374 2046 1562 2107 nescirent,
1585 2055 1617 2095 et

480 2132 622 2181 maxime
644 2132 894 2197 impudicitiam
920 2140 952 2181 et
975 2131 1217 2197 cupiditatem,
1243 2132 1456 2196 presentavit
1479 2147 1513 2183 se
1534 2133 1618 2182 satis

480 2226 680 2267 reverenter
717 2217 863 2284 Dydimo
900 2217 1050 2282 principi
1089 2217 1239 2282 ejusdem
1276 2217 1470 2281 provincie.
1512 2215 1616 2281 Quem

479 2303 676 2370 Dydimuse
705 2304 868 2371 regaliter
902 2305 1080 2368 excipiens
1115 2304 1316 2364 ammonuit,
1347 2312 1382 2353 ut
1417 2303 1529 2354 lutura
1564 2303 1617 2353 die

435 2405 448 2455 5
479 2391 664 2441 interesset
687 2391 862 2442 auditorio
886 2391 1060 2457 cujusdam
1087 2391 1177 2440 inter
1201 2390 1283 2440 duos
1308 2390 1439 2440 vicinos
1461 2389 1614 2455 justicie.

478 2476 605 2528 Locato
629 2479 661 2527 in
685 2478 871 2528 crastinum
894 2478 1039 2544 judicio,
1060 2478 1148 2528 sedit
1172 2491 1236 2527 cum
1257 2475 1401 2542 Dydimo
1414 2475 1614 2526 Alexander.

478 2564 557 2613 Cum
582 2562 777 2630 frequentia
805 2565 963 2629 populari
991 2562 1166 2614 affuerunt
1187 2570 1218 2612 et
1245 2562 1310 2613 duo
1337 2562 1454 2622 vicini,
1473 2576 1615 2627 quorum

478 2666 574 2701 causa
598 2659 672 2702 erat
695 2651 877 2717 ejusmodi.
898 2650 997 2701 Alter
1021 2650 1123 2701 alteri
1148 2664 1262 2717 agrum
1287 2648 1499 2709 vendiderat,
1518 2664 1614 2714 quem

479 2738 552 2788 dum
581 2747 714 2803 emptor
743 2737 933 2798 excoleret,
962 2738 993 2787 in
1020 2752 1059 2788 eo
1089 2739 1285 2787 thesaurum
1317 2737 1508 2786 invenerat,
1539 2733 1616 2785 Mox

431 2840 454 2875 :o
480 2824 517 2874 ad
548 2824 762 2875 venditorem
792 2825 862 2891 agri
893 2840 1087 2885 recurrens,
1123 2823 1327 2875 hortabatur
1355 2832 1390 2873 ut
1420 2824 1617 2872 thesaurum

481 2924 573 2961 suum
604 2911 788 2975 reciperet,
819 2926 891 2961 cum
921 2910 1031 2962 nichil
1062 2909 1127 2961 sibi
1159 2919 1275 2976 preter
1302 2924 1416 2976 agrum
1447 2908 1619 2959 vendidis-

480 3005 543 3046 set.
574 2997 743 3048 Venditor
772 3006 911 3047 econtra
941 2996 1160 3058 causabatur,
1191 2996 1289 3046 illum
1323 2995 1386 3061 jam
1422 3011 1488 3047 non
1523 3010 1616 3046 suum

479 3098 550 3133 esse
571 3085 784 3145 thesaurum,
803 3084 881 3149 quia
903 3084 1044 3135 vendito
1065 3099 1146 3151 agro
1166 3084 1408 3134 eliminaverat
1428 3099 1443 3133 a
1464 3099 1496 3133 se
1517 3083 1617 3133 etiam

478 3172 548 3237 agri
566 3180 786 3236 proventum.
809 3171 1006 3222 Alexander
1031 3171 1173 3221 miratus
1197 3170 1339 3222 liberam
1365 3170 1506 3220 totiuss
1526 3169 1619 3234 cupi-

431 3271 450 3322 :5
480 3257 597 3309 ditatis
626 3260 884 3309 contentionem
910 3258 1115 3321 :Hujusmodi,
1142 3258 1270 3324 inquit,
1298 3256 1374 3306 nullu
1399 3263 1463 3304 esset
1487 3257 1515 3304 in
1539 3272 1619 3319 regno

481 3359 534 3392 nien
557 3345 658 3410 agenda
684 3346 843 3411 disceptatio,
871 3346 933 3411 quia
958 3360 1035 3393 enine
1060 3344 1199 3392 inuentum
1219 3341 1324 3410 publici
1341 3342 1418 3404 juris
1447 3340 1621 3390 vindicaret!

481 3430 601 3480 violenter
624 3432 733 3481 exactio.
761 3431 809 3481 Ad
828 3432 890 3481 hoc
919 3430 1110 3497 Dydimuslt
1136 3429 1367 3496 interrogavit
1394 3442 1482 3488 eum,
1507 3436 1616 3476 utrum

482 3530 586 3566 rerum
611 3524 731 3566 natura
755 3530 948 3565 communes
971 3514 1097 3565 ibidem
1122 3512 1294 3580 proferret
1319 3513 1445 3578 copias.
1467 3511 1617 3575 Respon-

480 3601 577 3654 dente
607 3602 828 3653 Alexandros
860 3602 961 3651 etiam
996 3601 1267 3666 copiosissimas,
1293 3599 1482 3650 subintulit
1515 3596 1617 3663 Dydi-

433 3699 452 3734 ο
482 3703 548 3739 mus
573 3693 660 3751 ,hec
683 3689 817 3756 quidem
844 3688 925 3738 dona
951 3688 1133 3748 creatoriS‚
1158 3686 1241 3737 licet
1267 3685 1399 3735 alendis
1427 3684 1473 3736 ibi
1497 3699 1617 3749 prove-

482 3775 591 3826 nirent
615 3776 798 3836 creaturis,
818 3775 947 3826 scirent
972 3772 1128 3840 proiecto
1150 3773 1303 3824 homines
1325 3781 1417 3822 tante
1439 3770 1616 3837 injusticie

482 3870 511 3910 et
538 3862 754 3929 cupiditatis,
779 3861 840 3912 illa
866 3876 932 3912 non
962 3861 1031 3911 suis
1061 3860 1159 3912 modo
1187 3859 1301 3911 debita
1329 3860 1475 3920 meritis,
1501 3858 1557 3909 sed
1584 3859 1615 3907 in

483 3948 588 3999 eadem
613 3958 703 3999 terra
728 3947 999 3999 subsistentibus
1024 3946 1076 3997 vel
1102 3946 1303 3998 volatilibus
1327 3946 1380 3997 vel
1405 3943 1564 3998 bestiisk.

512 4170 536 4205 a.
554 4153 692 4220 preferret
705 4154 741 4203 A.
756 4183 788 4191 —
805 4151 827 4205 b.
847 4158 867 4204 1'1
882 4154 918 4205 A.
933 4183 965 4190 -
977 4170 1000 4204 c.
1014 4153 1156 4220 dyogenes
1167 4154 1205 4205 Α.
1219 4182 1251 4190 -
1263 4153 1288 4201 d.
1307 4161 1406 4217 eptum
1416 4152 1453 4200 Α.
1467 4180 1499 4188 -
1511 4168 1533 4200 e.
1546 4151 1616 4201 didi-

435 4244 449 4293 5
483 4252 540 4287 mus
551 4239 587 4288 Α.
602 4267 634 4275 -
644 4238 672 4303 f.
693 4239 783 4289 tocius
795 4240 833 4288 A.
848 4267 877 4277 -
896 4255 923 4304 g.
943 4238 1105 4289 vendicaret
1118 4239 1156 4290 A.
1168 4267 1201 4275 —
1219 4238 1245 4289 li.
1263 4237 1386 4288 didimus
1399 4237 1436 4286 Α.
1449 4265 1481 4273 -
1500 4239 1518 4289 i.
1535 4236 1616 4286 Dans

480 4323 515 4384 A,
524 4324 692 4375 alexandero
703 4341 770 4374 cerr.
781 4329 833 4392 per
845 4332 962 4389 exponet.
977 4341 1008 4372 en
1021 4323 1183 4374 alexandro.
1194 4324 1251 4385 -j
1272 4321 1396 4373 didimus
1405 4322 1442 4372 Α.
1453 4350 1485 4358 -
1497 4321 1522 4372 k.
1535 4320 1616 4371 Dans

479 4410 513 4470 A,
527 4414 602 4477 apris
618 4411 724 4472 bestiis,
743 4428 775 4460 on
794 4410 826 4461 lit
843 4409 866 4460 le
882 4428 904 4460 c.
925 4414 961 4473 03
980 4427 991 4459 .·
1010 4410 1053 4460 his
1071 4419 1098 4460 et
1118 4409 1280 4475 hujusmodi
1298 4408 1448 4460 salibus-
1460 4436 1491 4446 -
1504 4436 1536 4445 -
1554 4423 1616 4474 pre-

477 4495 547 4547 dicte
569 4493 816 4549 commutationis(
837 4496 920 4548 Anno
945 4497 1017 4548 1083.
1042 4495 1111 4546 Pue's
1133 4495 1276 4546 seulement
1298 4494 1321 4545 le
1343 4512 1366 4548 c.
1385 4500 1419 4547 62
1438 4512 1448 4545 .·
1471 4494 1614 4546 Hannibal

477 4581 702 4652 carthaginensis
715 4613 744 4621 -
759 4612 790 4620 —
803 4583 882 4633 —de
899 4583 1032 4634 omnibus
1050 4583 1183 4650 cogitare.
1202 4582 1409 4633 L'intervcrsion
1425 4588 1463 4633 est
1479 4583 1594 4631 evidente
1602 4599 1614 4636 ,-

473 4792 764 4802 ——.——..

431 4950 439 4985 >
505 4940 513 4966 ¹
531 4933 565 4983 Je
577 4930 633 4982 n’ai
646 4945 683 4996 pu
697 4929 837 4981 identifier
849 4938 893 4980 cet
906 4938 1050 4995 emprunt.
