4450 6125
857 893 1020 974 Sancti
1050 891 1261 973 Habenti.
1569 892 1645 976 113

507 1182 613 1245 abbas
636 1180 812 1247 fastidiens
836 1196 1041 1266 quereretur
1067 1185 1230 1248 tratribus
1257 1186 1328 1248 suis
1356 1185 1482 1248 trustra
1510 1203 1545 1247 se
1572 1185 1646 1256 niti,

506 1285 650 1347 suborta
663 1295 715 1348 est
730 1288 880 1349 maxima
897 1288 1040 1350 sediti0⁶
1050 1289 1216 1351 adversus
1230 1288 1431 1368 episcopum
1446 1288 1557 1349 tocius
1570 1304 1650 1348 con·

508 1386 732 1467 gregationis,
759 1390 851 1471 quod
877 1389 1013 1451 ecclesie
1041 1392 1208 1451 hactenus
1233 1389 1407 1450 liberrime
1434 1387 1650 1450 obfirmasset

510 1485 724 1549 intolerabile
761 1486 884 1569 jugum
924 1490 1029 1567 hujus
1066 1488 1266 1573 obsidionis,
1302 1498 1443 1568 tamque
1483 1505 1651 1569 magnum

470 1602 483 1653 5
511 1587 690 1650 diabolum
713 1590 753 1650 ad
777 1590 918 1652 insidias
941 1589 1228 1652 sanctificationis.
1253 1590 1353 1665 Quod
1377 1589 1455 1651 licet
1476 1590 1512 1650 in
1534 1588 1652 1651 faciem

511 1687 559 1748 illi
583 1688 750 1769 objicerc⁶
766 1703 944 1771 parcerent
957 1704 979 1762 ⁶,
995 1692 1044 1752 eis
1060 1702 1175 1753 tamen
1192 1708 1279 1771 quos
1293 1690 1342 1750 illi
1358 1690 1509 1751 sciebant
1524 1690 1652 1769 prima·

510 1790 614 1852 tiores
630 1793 692 1853 hoc
707 1793 909 1873 ingerebant
924 1793 1102 1865 acerrime,
1120 1801 1159 1854 ut
1174 1793 1304 1872 ingesta
1320 1792 1384 1852 sibi
1409 1791 1585 1853 referendo
1600 1793 1652 1851 vel

511 1892 745 1956 misericordie
766 1895 982 1956 recordatum
1005 1896 1049 1954 ab
1072 1894 1261 1955 intentione
1286 1891 1526 1954 reflecterentd
1538 1891 1588 1952 vel
1612 1909 1652 1952 ex

511 2011 552 2054 eo
566 1995 693 2058 certius
706 1996 733 2057 si
750 2006 837 2058 esset
851 1997 899 2058 eis
915 1998 1172 2075 desperandum
1193 1996 1389 2075 probarent.
1413 1992 1655 2056 familiaribus

454 2112 485 2150 10
513 2112 595 2157 vero
604 2109 740 2158 econtra
756 2099 989 2168 causantibus,
1006 2115 1073 2158 non
1089 2097 1137 2159 sic
1152 2096 1451 2157 dehonestandum
1466 2095 1517 2155 vel
1535 2112 1655 2175 provo

509 2198 661 2259 candum
683 2209 777 2261 tante
799 2199 978 2278 potestatis
993 2199 1122 2271 virum,
1141 2201 1307 2259 hactenus
1331 2196 1380 2257 eis
1405 2205 1476 2257 tam
1502 2197 1654 2258 amicum

509 2308 652 2381 tamque
668 2301 876 2375 humanum,
899 2300 1105 2361 [ambertus
1121 2298 1236 2377 junior
1251 2299 1321 2359 zelo
1338 2297 1461 2359 matris
1475 2315 1535 2358 sue
1550 2297 1654 2358 eccle·

509 2401 558 2463 sic
579 2401 764 2463 incitatus:
787 2402 887 2472 Talis,
903 2401 1031 2482 inquit,
1047 2402 1208 2475 amicitia,
1229 2419 1303 2461 cum
1325 2401 1368 2459 ad
1390 2400 1449 2459 hoc
1470 2398 1564 2460 nabis
1584 2399 1656 2458 exi·

511 2504 597 2563 tium
624 2503 823 2580 provenerit,
848 2504 959 2563 eadem
985 2503 1150 2578 facilitate
1170 2509 1423 2578 contempnatur
1446 2519 1511 2578 qua
1531 2505 1561 2560 et
1580 2518 1655 2576 pra·

452 2617 481 2667 ιε
512 2602 623 2664 batur.
651 2603 751 2679 Quod
778 2603 924 2663 verbum
951 2612 1110 2663 notatum
1137 2619 1196 2680 pre
1222 2602 1355 2671 ceteris,
1382 2618 1463 2661 cum
1485 2603 1658 2679 episcopo,

512 2702 607 2763 velut
635 2703 677 2763 ad
710 2703 958 2765 contumeliam
993 2702 1178 2781 specialem
1215 2700 1402 2762 referretur
1436 2718 1477 2761 ex
1515 2718 1659 2779 persona

509 2802 668 2875 dicentis,
691 2803 873 2882 episcopus
894 2814 1055 2882 concepta
1078 2804 1252 2864 occasione
1274 2802 1372 2882 quasi
1396 2803 1483 2876 iuste
1506 2819 1659 2862 commo·

510 2904 614 2966 tionis
632 2904 797 2965 adversus
817 2905 979 2965 abbatem
994 2911 1028 2964 et
1043 2902 1176 2975 tratres,
1194 2902 1308 2965 furere
1329 2914 1362 2965 et
1376 2902 1540 2984 conqueri
1556 2904 1658 2983 cepit,

511 3003 662 3068 inserens
693 3023 759 3067 non
789 3024 824 3067 se
853 3006 900 3066 sic
936 3006 1101 3067 meruisse
1135 3005 1305 3082 injuriari,
1342 3022 1401 3066 nec
1435 3004 1498 3066 sibi
1535 3005 1661 3064 amodo

447 3123 483 3159 ²0
511 3108 796 3179 succensendum,
817 3108 844 3167 si
866 3107 913 3168 sic
935 3106 1005 3167 lesa
1023 3108 1097 3181 ejus
1112 3106 1262 3167 amicitia
1278 3107 1320 3166 ad
1336 3124 1394 3167 eos
1408 3115 1584 3167 exerceret
1599 3105 1661 3165 ini-

513 3208 672 3269 micitias.
698 3207 869 3269 intellexit
890 3209 996 3268 abbas
1020 3208 1167 3269 libenter
1187 3226 1266 3268 eum
1288 3225 1409 3268 causas
1427 3206 1596 3273 affectare,
1622 3215 1661 3267 ut

510 3311 603 3389 quod
621 3311 802 3389 petebatur
816 3309 858 3368 de
874 3319 985 3370 castro
997 3308 1208 3387 dejiciend0⁴
1221 3310 1318 3389 quasi
1335 3309 1422 3386 juste
1438 3318 1659 3388 exasperatus

511 3419 700 3481 recusaret;
717 3409 807 3470 etde
822 3427 863 3469 eo
878 3409 947 3486 jam
963 3410 1144 3488 desperare
1159 3421 1308 3483 coactuS,
1324 3409 1459 3471 secessit
1477 3410 1658 3471 Franciam

513 3523 659 3591 utroque
676 3509 862 3571 lamberto
872 3511 1068 3572 comitatus.
1089 3512 1130 3573 Et
1145 3512 1230 3571 dum
1245 3511 1337 3589 apud
1354 3511 1474 3571 cellam
1496 3511 1659 3571 Ebernei-

447 3629 481 3679 25
511 3611 614 3673 cortis
635 3619 842 3679 moraretur,
867 3610 1057 3672 exoratus!
1076 3614 1118 3672 ab
1142 3612 1386 3672 adalberonesr
1407 3613 1531 3671 abbate
1552 3612 1659 3672 sancti

511 3713 692 3785 Vincentii,
711 3713 936 3774 lambertum
956 3715 1127 3792 juniorem
1145 3714 1193 3773 illi
1212 3714 1408 3775 babendum
1424 3716 1515 3793 apud
1533 3733 1567 3775 se
1584 3734 1660 3793 per·

510 3811 615 3885 misit,
633 3829 694 3873 nec
715 3812 827 3874 multo
847 3821 923 3892 post
940 3814 1128 3894 requisitus
1143 3817 1186 3873 ab
1201 3814 1374 3893 episcop0,
1394 3833 1455 3876 cur
1472 3834 1508 3876 se
1524 3817 1658 3877 tamdiu

506 3915 719 3974 absentasset
732 3915 784 3974 vel
800 3931 819 3974 a
836 3914 907 3974 loco
923 3932 986 3975 suo
1003 3915 1054 3974 vel
1068 3916 1112 3975 ab
1124 3933 1176 3984 eo,
1191 3915 1425 3977 Theodericus
1441 3916 1637 3995 prepositus
1651 3918 1658 3944 ¹

512 4014 729 4093 premonitus
751 4015 793 4075 ad
817 4033 855 4075 ea
880 4015 1097 4092 respondere,
1123 4016 1302 4095 respondit
1324 4020 1485 4078 abbatem
1507 4020 1600 4096 apud
1625 4037 1660 4080 se

449 4130 484 4179 30
512 4114 717 4177 deliberasse
738 4133 780 4177 ex
803 4125 875 4177 toto
897 4116 965 4192 jam
990 4118 1155 4185 recedere,
1184 4118 1273 4178 nolle
1300 4137 1381 4179 eum
1407 4120 1561 4180 amodo*
1588 4123 1661 4182 loco

511 4234 658 4296 preesse,
681 4217 736 4278 cui
760 4234 827 4278 non
852 4225 985 4296 poterat
1008 4219 1181 4296 prodesse,
1205 4219 1320 4280 dolere
1340 4239 1375 4281 se
1400 4221 1536 4283 tamdiu
1558 4241 1658 4302 supe·

544 4393 570 4425 a.
590 4375 669 4426 Dans
687 4376 724 4430 Α,
739 4377 876 4426 ari-dessns
894 4378 924 4425 de
941 4378 1053 4437 seditio,
1073 4396 1105 4427 an
1124 4378 1157 4427 lit
1176 4378 1342 4446 indignatio,
1355 4409 1387 4416 —
1406 4379 1427 4430 i.
1448 4381 1562 4433 obicere
1575 4384 1612 4432 Α.
1628 4411 1658 4420 -

510 4479 533 4511 c.
553 4471 685 4528 pacarent
697 4463 734 4512 A.
749 4491 781 4500 -
799 4463 825 4512 d.
842 4462 998 4514 reflecteret
1013 4465 1050 4515 A.
1064 4494 1096 4502 -
1108 4483 1131 4515 r.
1144 4465 1294 4515 deiciendo
1306 4467 1343 4516 A.
1357 4494 1386 4503 -
1394 4467 1422 4531 f.
1438 4466 1516 4517 Dans
1527 4470 1563 4526 xl,
1578 4485 1659 4521 exor-

513 4562 588 4602 tatus
599 4553 702 4618 corrigi
710 4569 762 4617 par
773 4555 973 4618 exponetnntinn
984 4570 1014 4601 en
1025 4563 1169 4604 exoratus.
1179 4582 1212 4592 -
1220 4571 1248 4617 g.
1258 4554 1393 4606 ¹alberone
1402 4556 1425 4605 Α
1433 4595 1439 4605 .
1448 4585 1480 4594 -
1490 4556 1517 4606 le.
1530 4557 1609 4608 Dans
1619 4560 1641 4609 il
1651 4600 1658 4617 ,

452 4653 483 4702 35
514 4655 546 4688 on
559 4637 591 4688 lit
603 4637 681 4689 nolle
693 4639 795 4690 amodo
807 4655 883 4698 eum,
896 4642 999 4704 corrigi
1010 4658 1041 4689 cn
1056 4656 1084 4692 n.
1099 4658 1126 4692 e.
1139 4657 1163 4691 a.

551 4882 559 4909 ¹
578 4873 711 4943 Thierry,
729 4876 834 4942 prieur,
852 4877 915 4943 puis
932 4892 1096 4928 successeur
1111 4877 1147 4928 de
1159 4877 1282 4945 Thierry
1295 4877 1332 4928 1⁸¹
1342 4893 1392 4928 sur
1408 4876 1435 4928 le
1451 4879 1526 4946 siege
1538 4880 1659 4931 abbatial

515 4963 551 5015 de
564 4961 781 5024 saint-Hubem
796 4978 861 5032 roy.
874 4964 1020 5027 cidessus,
1034 4981 1062 5031 p.
1077 4964 1119 5025 26,
1133 4980 1162 5016 n.
1179 4979 1202 5016 r.
1515 5035 1538 5094 ⁸
