4450 6125
874 838 1027 916 Sancti
1058 833 1271 914 liuberti.
1582 856 1627 934 ¹7

495 1126 605 1190 ricum
632 1145 748 1210 regem
776 1127 1002 1199 Francorum,
1028 1128 1182 1207 eiusdem
1213 1126 1432 1207 imperatoris
1460 1126 1573 1187 banno
1600 1136 1633 1185 et

492 1230 696 1291 auctoritate
711 1229 890 1291 firmatum
910 1228 1046 1290 ecclesie
1065 1235 1279 1290 mercatum¹
1299 1227 1505 1308 procuravit.
1528 1225 1635 1304 Cujus

494 1347 614 1391 omnes
625 1328 788 1410 justicias,
805 1330 1016 1403 theloneum,
1037 1330 1203 1403 bannum,
1218 1330 1435 1401 comitatum,
1452 1330 1633 1399 latronem,

496 1426 615 1492 loralia
641 1430 694 1492 vel
712 1429 960 1511 cujuscumque
977 1428 1091 1509 placiti
1107 1439 1270 1510 questum
1297 1431 1348 1491 vel
1371 1430 1526 1509 querelas
1541 1429 1564 1500 ²,
1594 1445 1633 1488 ex

428 1532 436 1575 ·’-
454 1550 467 1602 5
497 1529 641 1612 antiquo
656 1547 751 1592 more
766 1531 970 1611 potestativo
984 1528 1058 1609 jure
1073 1530 1225 1608 optinuit
1240 1540 1394 1610 tempore
1409 1548 1478 1611 quo
1492 1529 1633 1596 advixit,

497 1639 530 1692 et
551 1630 624 1692 sine
647 1629 715 1693 ulla
737 1630 933 1709 calumpnia
953 1629 1205 1691 successoribus
1225 1630 1297 1691 suis
1310 1630 1509 1709 optinenda,
1527 1631 1637 1693 immo

497 1741 607 1792 totam
632 1730 803 1812 integram
829 1730 1016 1803 abbatiam,
1044 1729 1195 1810 reliquit.
1225 1730 1306 1809 Ejus
1330 1729 1443 1793 adbuc
1469 1741 1635 1811 tempore,

499 1819 633 1913 vigente
656 1830 782 1911 publici
805 1830 888 1909 iuris
907 1828 1106 1909 justiciam
1124 1838 1194 1890 tota
1210 1830 1345 1891 abbatia
1362 1831 1478 1893 nullus
1492 1832 1636 1893 advoca·

498 1940 556 1993 tus
578 1931 677 1993 alicui
698 1931 823 2012 placito
844 1931 1019 2003 intererat,
1045 1929 1108 1993 nisi
1125 1932 1237 1993 tribus
1251 1932 1469 2012 generalibus
1484 1932 1518 1994 in
1534 1950 1635 1995 anno

443 2059 472 2094 lo
503 2032 537 2092 ln
566 2032 645 2105 hiis,
675 2032 702 2094 si
731 2032 823 2113 quod
853 2032 995 2094 vadium
1025 2032 1222 2112 proveniret
1251 2032 1378 2111 judicio
1406 2033 1637 2100 scabinorum.

498 2149 619 2195 eorum
641 2150 779 2214 quoque
800 2132 943 2194 arbitrio
965 2132 1263 2194 determinabatur
1279 2132 1496 2207 solvendum,
1514 2152 1581 2195 non
1597 2135 1638 2196 sd

501 2232 711 2294 voluntatem
732 2233 956 2294 dominorum
978 2233 1035 2293 sed
1057 2232 1098 2293 ad
1122 2233 1382 2311 possibilitatem
1399 2252 1637 2313 personarum.

501 2333 546 2394 De
571 2332 691 2394 eodem
717 2340 842 2415 questu
866 2332 1043 2394 communi
1069 2332 1258 2395 advocatus
1278 2333 1461 2396 obsonium
1483 2335 1639 2397 debitum

498 2431 686 2512 accipiebat
700 2442 745 2505 et,
763 2432 790 2492 si
806 2432 922 2493 minus
937 2431 1133 2510 proveniret
1144 2445 1170 2505 ⁶,
1184 2432 1325 2494 ecclesia
1342 2433 1426 2495 illud
1444 2435 1626 2515 supplebat

444 2561 450 2596 ι
457 2558 470 2609 5
503 2530 687 2595 pretereat
708 2531 736 2594 si
758 2549 862 2613 quem
883 2531 1046 2593 rebellem
1067 2533 1252 2595 advocatus
1272 2534 1314 2594 ad
1332 2534 1503 2611 justiciam
1518 2534 1640 2597 iacien-

500 2633 581 2694 dam
596 2631 833 2712 compellebat,
851 2632 893 2692 de
908 2648 946 2692 ea
963 2642 1096 2692 ternam
1108 2622 1143 2672 ‘³
1157 2649 1257 2694 suam
1269 2633 1468 2713 accipiebat.

532 2868 558 2903 a.
572 2860 704 2918 proveret
717 2852 797 2937 th·-
815 2850 837 2901 l.
852 2852 932 2901 Dans
944 2852 980 2912 Α,
995 2863 1145 2920 propterea
1157 2871 1226 2904 corr.
1239 2872 1270 2904 ea
1284 2867 1422 2922 preterea.
1433 2887 1465 2895 -
1483 2875 1505 2907 c.
1519 2860 1641 2910 decater-

500 2951 563 2987 nam
576 2944 634 2987 tous
645 2936 681 2986 les
692 2938 854 2987 manuscrits
866 2945 890 2987 et
903 2944 983 2987 toules
995 2937 1030 2987 les
1042 2938 1170 2994 ldiliaas:
1182 2956 1230 2988 sar
1241 2948 1304 2990 cette
1316 2945 1468 3002 correction,
1483 2960 1537 3006 ινογ.
1550 2953 1607 2993 nole
1615 2959 1640 2995 1.

538 3297 544 3324 ¹
564 3288 619 3341 Sur
633 3289 864 3342 l'elablissement
880 3298 908 3340 et
926 3289 951 3340 la
968 3289 1060 3355 police
1075 3288 1125 3340 des
1143 3291 1278 3351 marchis,
1294 3307 1358 3358 roy.
1375 3293 1429 3343 Cn.
1446 3292 1640 3353 Libertatem,

441 3398 475 3436 20
503 3362 603 3428 E'ludes
620 3394 668 3428 sur
686 3377 762 3428 l¹trat
779 3379 944 3444 lcananripue
962 3378 992 3426 de
1010 3377 1037 3426 la
1054 3375 1161 3426 Franci
1176 3378 1294 3445 pendant
1312 3377 1338 3426 la
1353 3381 1485 3446 premim
1499 3381 1587 3447 partie
1606 3379 1641 3429 da

503 3481 593 3531 maaca
605 3468 661 3530 age,
674 3465 745 3516 trad.
760 3463 916 3531 blariguau.
932 3462 1019 3524 Paris,
1036 3465 1108 3529 1889,
1123 3480 1169 3529 pp.
1185 3478 1232 3529 274
1245 3475 1272 3515 et
1285 3467 1358 3518 suir.

536 3558 545 3585 ¹
567 3550 654 3615 Cujus
664 3567 754 3601 omnes
764 3552 886 3610 iusticias
902 3566 908 3600 ι
924 3560 988 3601 tous
1000 3549 1041 3601 les
1053 3565 1098 3601 cas
1110 3549 1145 3600 de
1157 3550 1267 3615 justice,
1282 3560 1375 3601 toules
1387 3551 1428 3601 les
1440 3553 1642 3603 contestations

501 3640 516 3687 a
529 3637 677 3690 l’oocasion
688 3637 726 3690 du
740 3637 865 3698 marchia
879 3637 1037 3697 theloneum,
1049 3635 1157 3687 tonlieu
1173 3635 1231 3686 :les
1245 3638 1453 3689 contributions
1465 3653 1513 3688 sur
1526 3637 1551 3687 le
1565 3637 1642 3688 trafic

503 3723 584 3790 (roy.
603 3723 658 3774 Cn.
678 3722 872 3785 Laurnncnr,
891 3740 966 3773 auia.
985 3724 1043 3782 citt,
1063 3739 1090 3788 p.
1106 3725 1169 3787 277)
1180 3738 1185 3779 ;
1205 3721 1323 3772 bannum
1335 3738 1341 3772 :
1355 3723 1380 3774 la
1394 3723 1641 3790 reglemcntatiom

443 3831 474 3882 25
504 3812 659 3861 comitatam
672 3826 679 3861 ε
692 3809 857 3862 l'ensemble
867 3810 917 3862 des
928 3810 1018 3860 droits
1030 3819 1174 3864 comtaux;
1189 3809 1318 3859 latronem
1331 3810 1372 3861 :la
1385 3812 1583 3863 connaissance
1594 3811 1644 3863 des

503 3906 578 3948 actes
595 3896 630 3948 de
649 3895 825 3964 brigandage,
850 3895 972 3963 laquelle
991 3894 1149 3961 impliquait
1169 3895 1194 3945 la
1213 3897 1297 3946 haute
1314 3896 1428 3962 justice;
1450 3896 1551 3957 foralia
1570 3914 1577 3949 :
1603 3897 1643 3949 les

504 3982 672 4034 roderances
684 3982 796 4048 exigees
808 3983 857 4034 des
871 3982 1037 4033 marchands
1050 3980 1154 4031 iurains
1166 3979 1310 4046 (tributam
1323 3983 1391 4049 qaod
1400 3983 1510 4048 casaris
1523 4014 1554 4022 -
1567 4012 1600 4022 -
1612 4014 1643 4023 -

502 4071 659 4136 percipitur,
682 4068 727 4121 Du
744 4069 878 4135 CANGE);
898 4069 939 4119 ael
952 4071 1144 4135 cujuscumque
1158 4068 1254 4131 placiti
1269 4078 1388 4137 questum
1402 4069 1444 4119 uel
1452 4072 1570 4138 querelas
1584 4090 1589 4123 :
1604 4071 1645 4122 les

506 4171 627 4206 revenus
644 4164 672 4207 et
690 4155 878 4207 l’inslruclion
897 4156 932 4206 de
950 4164 1014 4206 tuus
1033 4155 1073 4204 les
1092 4153 1192 4220 plaids.
1213 4153 1235 4204 ll
1253 4164 1294 4204 est
1312 4158 1327 4204 a
1346 4156 1427 4220 peine
1444 4156 1598 4207 necessaire
1611 4157 1645 4207 de

444 4261 479 4311 30
506 4241 574 4293 [aire
590 4258 753 4311 remarquer
768 4258 823 4311 que
840 4252 914 4294 cette
930 4241 1126 4293 enumeratiun
1146 4241 1216 4291 n'est
1233 4257 1281 4307 pas
1304 4244 1482 4309 rigoureuse:
1507 4243 1646 4309 plusieurs·

506 4337 610 4379 termes
627 4344 645 4396 y
663 4326 724 4380 lont
741 4328 846 4381 double
864 4329 969 4395 emploi
990 4342 996 4377 ε
1015 4343 1103 4377 omnes
1118 4329 1255 4390 justicias,
1273 4331 1437 4388 comitatum,
1456 4332 1647 4397 cujuscumque

502 4416 599 4483 placiti
613 4414 740 4483 querelas.
759 4415 852 4467 L'acle
868 4415 1073 4481 diplomalique
1085 4412 1205 4463 d'llenri
1218 4413 1253 4463 de
1267 4413 1381 4464 Verdun
1394 4415 1470 4465 erile
1486 4430 1531 4465 ces
1548 4416 1645 4467 redon-

503 4503 606 4555 danes·
625 4514 653 4554 et
674 4503 745 4555 u'esl
766 4519 814 4570 pas
835 4504 927 4554 moins
942 4502 1065 4568 complet
1089 4516 1094 4549 ε
1118 4500 1281 4565 confirmans
1299 4528 1416 4541 ---
1435 4501 1544 4567 legalem
1568 4503 1647 4554 dana-

504 4591 602 4640 tiaaem
619 4589 722 4657 prefati
744 4588 837 4639 allodii
859 4604 920 4638 cum
943 4614 1056 4625 —--
1076 4585 1171 4646 lanua,
1190 4585 1300 4647 latrone,
1319 4585 1454 4651 foralibus
1478 4595 1503 4636 el
1522 4587 1642 4654 placitis.

444 4698 475 4748 35
507 4676 580 4744 Voy.
593 4674 630 4728 G.
641 4675 879 4738 Kunrn,Cltartes
891 4676 921 4725 de
932 4673 1045 4736 l’alllaye
1057 4674 1087 4722 de
1099 4672 1308 4735 Salat-Hubert,
1324 4684 1343 4729 t.
1360 4674 1380 4735 1,
1395 4690 1442 4742 pp.
1456 4674 1488 4740 69
1500 4684 1528 4725 et
1540 4678 1612 4726 suir.

541 4761 607 4813 3Et
630 4777 689 4814 non
711 4763 897 4817 decumum:
925 4770 999 4813 cette
1021 4760 1190 4819 correction,
1218 4759 1274 4811 due
1300 4763 1315 4810 a
1343 4775 1398 4811 une
1423 4762 1586 4827 conjecture
1614 4762 1649 4812 dc

505 4846 544 4900 G.
564 4846 668 4910 Kurtb,
694 4858 737 4900 est
754 4849 828 4900 aussi
848 4850 986 4899 beureuse
1002 4861 1036 4897 au
1055 4846 1135 4912 point
1153 4845 1188 4897 de
1213 4861 1267 4896 rue
1288 4846 1326 4898 du
1347 4862 1411 4898 scus
1432 4863 1487 4915 que
1508 4848 1649 4916 paleogra-
