4450 6125
579 852 655 935 160
786 857 1098 940 cantatorium
1129 864 1222 940 sine
1257 857 1506 939 Geronteon

570 1153 685 1232 sepius
707 1161 900 1225 evocatum.
925 1172 983 1234 per
1005 1153 1151 1216 biduum
1172 1162 1234 1216 aut
1256 1153 1417 1216 triduum
1436 1169 1555 1214 secum
1572 1168 1719 1214 manere

570 1252 803 1331 compelleret,
819 1263 853 1316 et
872 1254 914 1316 ad
938 1254 1111 1317 abbatiam
1128 1253 1242 1317 Sancti
1261 1253 1408 1335 Remigii
1426 1253 1625 1316 habendam
1642 1263 1722 1333 poet

570 1355 731 1415 abbatem
755 1354 940 1418 Henricum
963 1355 1239 1436 promovendum
1262 1354 1461 1428 destinaret,
1478 1353 1571 1436 quod
1587 1363 1624 1417 et
1640 1361 1720 1435 poet

572 1452 847 1535 archiepiscopus
872 1455 980 1518 factus
1005 1454 1146 1529 iecisset,
1174 1455 1237 1517 nisi
1262 1454 1319 1515 ille
1344 1454 1385 1515 ad
1412 1453 1588 1516 abbatiam
1614 1469 1717 1516 auam

574 1564 751 1615 revocatus
768 1553 935 1615 Leodium
950 1554 1103 1616 redisset.

615 1762 673 1819 71.
688 1755 759 1833 (83.)
774 1758 904 1820 Interea
915 1758 1074 1821 Metensis
1084 1759 1232 1832 ecclesia,
1242 1758 1382 1822 viduata
1396 1759 1609 1822 Herimanno
1620 1777 1719 1823 vene·

574 1857 672 1921 rabili
689 1857 859 1938 pontifice.
876 1860 978 1941 elegit
998 1860 1062 1923 sibi
1086 1860 1285 1940 episcopum
1304 1861 1540 1923 ordinandum
1564 1861 1718 1944 Burgar-

571 1959 705 2020 dum⁶¹
721 1961 937 2040 prepositum
958 1960 1176 2023 Treverensis
1197 1961 1345 2036 ecclesie,
1368 1962 1428 2043 qui
1450 1961 1524 2024 sine
1546 1978 1718 2026 consensu

604 2174 630 2210 a.
649 2158 730 2209 Dans
741 2160 779 2216 A.
793 2161 930 2211 audessus
946 2162 976 2210 de
993 2160 1238 2230 (bur)g(ardum),
1255 2178 1288 2212 on
1306 2179 1323 2212 a
1339 2163 1442 2229 corrigi
1458 2162 1538 2214 o'une
1548 2179 1628 2214 encre
1639 2164 1718 2232 diffl·

571 2251 644 2294 rente
654 2262 685 2294 en
698 2243 960 2312 (bur)ch(ardum).
1744 2272 1760 2307 ιι

569 2573 738 2630 nobilitatem,
758 2582 815 2626 turn
825 2580 934 2643 propter
945 2592 1051 2626 ntorum
1063 2575 1232 2630 honestatem.
1252 2576 1307 2628 Sur
1322 2576 1363 2628 les
1379 2576 1442 2628 faits
1454 2578 1490 2630 de
1502 2592 1554 2629 son
1567 2578 1714 2647 episcopal

567 2672 596 2713 et
612 2676 660 2713 aur
676 2677 705 2712 sa
723 2671 795 2714 mort
812 2678 846 2713 au
864 2666 1023 2715 monastere
1040 2662 1075 2715 de
1094 2663 1273 2715 Saint-Denis
1284 2664 1320 2716 de
1333 2663 1429 2716 Reims
1442 2668 1479 2716 ou
1493 2663 1513 2715 il
1530 2666 1644 2728 revetit,
1659 2682 1713 2733 peu

567 2757 651 2799 avant
668 2764 698 2798 sa
717 2758 801 2809 mort,
820 2748 918 2800 l'habit
939 2749 988 2800 des
1004 2750 1157 2802 chanoines
1176 2751 1322 2817 reguliers,
1341 2766 1405 2817 roy.
1429 2750 1519 2802 Gatlu
1540 2750 1711 2809 curatum.

568 2843 588 2883 t.
604 2833 653 2893 lx.
667 2834 722 2884 cul.
736 2847 766 2898 77
779 2844 807 2885 et
821 2836 894 2887 suiv.

604 2928 611 2954 ¹
633 2919 760 2971 Hucuas
772 2933 811 2970 na
825 2921 985 2983 Faavrnsr,
1001 2923 1162 2984 chronicon,
1172 2922 1288 2985 ΜΘΗ,
1302 2922 1364 2984 SS.,
1379 2933 1399 2975 ι.
1410 2923 1489 2985 VIII,
1503 2940 1530 2991 p.
1544 2937 1605 2990 473,
1618 2924 1715 2979 donne
1744 2946 1752 2982 r

569 3022 604 3057 au
623 3021 786 3058 successeur
803 3007 959 3059 d'Herman
976 3008 1002 3060 le
1020 3025 1086 3060 nom
1103 3010 1139 3060 de
1155 3008 1283 3077 Poppon.
1303 3008 1377 3061 Tout
1395 3025 1426 3061 ce
1443 3025 1557 3079 passage
1572 3010 1636 3064 doit
1653 3012 1715 3065 dtre

569 3093 625 3145 cite
642 3103 670 3144 et
689 3093 844 3160 rapproche
861 3095 897 3146 de
914 3105 996 3148 notre
1017 3096 1169 3164 Chronique
1181 3114 1191 3146 .·
1203 3095 1344 3146 illettenses
1357 3113 1415 3146 vero
1427 3097 1521 3147 dornno
1539 3096 1717 3149 Herimanrto

571 3181 674 3230 viduati
684 3179 818 3248 elegerunt
829 3182 959 3248 quendam
971 3180 1097 3233 clericum
1112 3181 1137 3232 Τ
1133 3184 1291 3233 renirensem
1305 3182 1454 3249 Popponem
1468 3185 1583 3239 nomine.
1591 3183 1716 3250 fratrem

570 3266 700 3319 Heinricr'
716 3269 819 3318 comitis
831 3267 953 3338 palatini
969 3268 1076 3334 (Henri
1090 3269 1130 3321 ΙΙΙ
1144 3270 1180 3322 de
1194 3269 1358 3339 Limbourg,
1372 3261 1466 3323 comte
1479 3271 1586 3337 palatin
1597 3275 1614 3324 'a
1626 3274 1717 3340 partit

570 3355 744 3418 de10950u
767 3354 838 3418 1096,
858 3370 923 3422 roy.
948 3354 1056 3406 llnrua
1076 3369 1134 3406 vos·
1157 3355 1295 3417 Kanum,
1316 3373 1391 3406 ouvr.
1411 3359 1469 3418 citt,
1492 3367 1513 3407 t.
1534 3356 1583 3420 ΙΙΙ,
1605 3373 1625 3424 p
1656 3359 1715 3422 288,
1744 3370 1761 3407 a

571 3456 598 3492 n.
622 3440 678 3505 30),
700 3448 724 3490 et
743 3439 837 3508 absque
856 3443 927 3506 regio
947 3442 1012 3491 dono
1031 3441 1086 3491 sola
1105 3441 1227 3492 electione
1242 3447 1432 3510 praeponentes
1450 3459 1512 3493 eum
1532 3443 1665 3501 ecclesiae.
1686 3446 1718 3497 de

569 3528 762 3577 consecratione
778 3534 893 3577 tractare
909 3535 1056 3592 coeperunt.
1076 3526 1115 3576 Et
1131 3528 1194 3593 quia
1216 3525 1240 3576 T
1237 3528 1379 3576 revirensis
1394 3529 1529 3593 episcopus
1553 3525 1717 3580 wilermu-

569 3629 632 3665 rum
655 3615 840 3664 communione
861 3614 1059 3663 contaminatus
1081 3620 1147 3668 crat,
1170 3630 1186 3662 a
1206 3613 1301 3662 domno
1320 3612 1499 3678 lugdunensi
1519 3612 1717 3681 archiepiscopo

567 3702 718 3750 consecrari
736 3715 797 3750 eum
816 3701 991 3765 expetierunt.
1012 3700 1133 3765 imposito
1153 3701 1253 3765 negotio
1269 3698 1317 3749 lroc
1332 3700 1487 3750 strenuitati
1502 3700 1596 3751 domni
1614 3700 1716 3754 utem

570 3787 751 3841 Divionensis.
772 3786 803 3834 de
819 3787 897 3834 cuius
914 3785 1049 3833 industria
1065 3782 1236 3849 confidebant.
1253 3783 1309 3849 Qui
1325 3782 1412 3833 nielli!
1425 3791 1567 3834 cunctatus
1582 3784 1715 3838 domun
1744 3800 1761 3840 2

570 3871 774 3939 Lugdunensem
792 3887 854 3920 curn
872 3869 970 3920 duobus
985 3872 1043 3920 suis
1059 3871 1249 3936 suffraganeis,
1265 3868 1605 3922 Matisconensescilraetet
1616 3871 1717 3940 Lingo-

571 3974 658 4012 nense,
669 3961 719 4024 per
733 3956 798 4006 bella
815 3965 839 4005 et
853 3955 964 4021 gladios,
979 3973 1041 4006 cum
1057 3958 1148 4006 omnio
1160 3964 1271 4006 mortem
1284 3958 1415 4006 intentare
1427 3958 1589 4015 uiderentur.
1605 3957 1715 4010 Mettius

572 4061 652 4112 usque
667 4044 792 4098 deduxit,¹
804 4061 820 4092 a
833 4060 882 4110 quo
893 4051 916 4092 ct
928 4051 1094 4094 consecratus
1108 4051 1146 4092 est
1157 4045 1251 4112 prima
1266 4041 1407 4094 ebdomada
1422 4044 1642 4110 quadragesimae
1653 4061 1716 4096 uni

569 4130 666 4196 gloria.
681 4138 705 4180 et
716 4132 755 4180 sic
766 4131 878 4180 domnus
890 4130 1078 4197 Lugdunensis
1089 4146 1151 4179 cum
1163 4130 1220 4180 suis
1232 4145 1352 4179 reuersus
1367 4131 1451 4195 estad
1458 4133 1580 4197 propria.
1600 4129 1715 4186 L'exac·

571 4218 661 4269 ritude
678 4218 716 4268 du
736 4217 912 4285 temoignage
929 4216 1077 4285 d'Hugues
1092 4217 1129 4268 de
1148 4215 1294 4284 Flavigny,
1313 4215 1449 4268 confirmi
1467 4232 1517 4283 par
1532 4217 1574 4270 les
1591 4219 1717 4270 Annales
1742 4230 1761 4280 ,·-

571 4304 709 4358 ΙΙιΙιηεκ,
725 4303 840 4358 MGH..
857 4301 919 4356 SS..
935 4312 946 4352 t
971 4302 1022 4362 ΙΙΙ,
1036 4318 1063 4368 p.
1081 4304 1137 4364 158,
1150 4312 1192 4353 est
1204 4302 1330 4369 garantia
1343 4316 1393 4368 par
1407 4300 1590 4354 l'excellenoe
1607 4303 1644 4354 de
1661 4318 1713 4356 son

571 4391 752 4443 informarion
764 4408 770 4442 ι
782 4407 818 4442 on
832 4392 884 4442 sair
897 4391 964 4457 qu'il
979 4389 1030 4451 fut,
1043 4391 1078 4441 de
1094 4391 1155 4453 1085
1168 4393 1184 4440 a
1199 4390 1271 4455 1096.
1285 4405 1319 4440 en
1334 4399 1448 4456 rapport
1461 4389 1610 4442 continuel
1622 4399 1652 4442 et
1662 4391 1713 4442 des

571 4479 634 4544 plus
655 4480 768 4529 intimes
788 4493 855 4528 avec
874 4477 1011 4528 larenton
1031 4487 1059 4527 et
1083 4476 1200 4544 Hugues
1220 4476 1255 4526 de
1277 4475 1371 4543 Lyon:
1397 4491 1462 4542 roy.
1484 4474 1711 4537 lvsrranmcu.

571 4564 768 4614 Ileutsclrlands
783 4561 1046 4630 (ieschirhtsquellen.
1067 4575 1087 4615 t.
1103 4563 1139 4622 ΙΙ,
1160 4578 1206 4629 pp.
1223 4576 1265 4613 121
1280 4573 1309 4613 et
1326 4563 1398 4614 suiv.
1418 4561 1491 4613 Mais
1508 4560 1710 4616 l'inl'omtttion

570 4650 607 4701 du
620 4652 811 4715 chroniqueur
822 4650 857 4700 de
870 4648 1073 4700 baini-Hubert
1086 4648 1155 4700 n'est
1171 4663 1218 4715 pas
1232 4647 1323 4698 moins
1335 4650 1413 4704 εἴποι
1427 4646 1487 4698 cela
1500 4646 1618 4708 resultet,
1630 4657 1709 4700 utre
1759 4695 1760 4702 ,

568 4748 663 4788 autres
680 4737 794 4796 indices,
807 4736 843 4787 de
859 4736 884 4786 la
901 4736 1035 4802 presence
1050 4735 1086 4786 de
1103 4734 1237 4786 lambert
1254 4734 1280 4784 le
1292 4734 1383 4785 Jeune
1398 4749 1432 4785 au
1450 4748 1528 4784 sacre
1543 4733 1580 4786 de
1593 4733 1670 4786 Meta
1680 4745 1706 4786 et

568 4826 617 4876 des
637 4824 737 4874 details
756 4838 811 4889 que
831 4833 913 4875 notre
934 4824 1128 4889 chroniqueur
1147 4822 1241 4888 ajoute
1260 4824 1276 4872 a
1296 4836 1367 4872 ceux
1384 4819 1493 4872 soumis
1512 4836 1562 4888 par
1581 4821 1705 4892 liuguae.

567 4911 668 4963 details
683 4909 752 4962 dunt
769 4910 842 4960 deur
860 4920 923 4960 sont
940 4908 1090 4960 confirmes
1107 4923 1157 4974 par
1173 4907 1199 4958 le
1216 4907 1402 4974 temoignage,
1415 4906 1620 4959 certainement
1634 4906 1706 4960 inde'·
