4450 6125
848 857 1002 938 Sancti
1036 855 1259 962 Habenti„

482 1150 618 1234 locaret.
636 1151 701 1213 Cui
720 1170 800 1215 eum
819 1151 905 1216 forte
925 1153 1014 1216 inter
1032 1154 1275 1234 prandendum
1296 1151 1512 1215 deferrentur
1531 1151 1623 1231 piro·

484 1269 563 1313 rum
584 1253 749 1333 primitie,
774 1254 863 1334 cepit
885 1273 924 1318 ea
947 1254 1098 1335 pontifex
1115 1255 1276 1316 manibus
1298 1261 1490 1326 attrectare,
1508 1253 1624 1332 sepius

484 1353 606 1417 olfacta
624 1374 728 1435 super
746 1375 901 1419 mensam
921 1375 1096 1438 reponere,
1115 1368 1148 1418 et
1163 1356 1260 1437 quasi
1276 1357 1341 1418 sub
1356 1357 1498 1418 obtentu
1513 1357 1626 1431 cujus·

485 1456 567 1517 dam
596 1456 833 1520 delectationis
867 1461 1040 1540 tangendo
1068 1468 1102 1520 et
1132 1476 1197 1520 non
1237 1458 1409 1539 gustando
1440 1475 1474 1519 se
1506 1456 1543 1518 in
1578 1455 1627 1517 eis

442 1576 455 1627 5
485 1555 648 1618 cruciare.
670 1559 697 1618 Α
717 1557 844 1639 quibus
865 1578 899 1621 se
918 1559 1059 1620 omniuo
1079 1560 1258 1620 continens
1273 1577 1353 1621 cum
1376 1558 1451 1620 aliis
1465 1557 1524 1620 illa
1542 1557 1628 1618 divi·

484 1658 582 1720 sisset
600 1669 627 1732 ⁶,
658 1659 763 1719 abbas
791 1658 882 1738 quod
913 1658 1048 1720 viderat
1076 1657 1192 1720 fecisse
1220 1658 1420 1739 episcopum
1446 1658 1630 1740 diligenter

485 1759 627 1831 notavit,
655 1769 688 1821 et
715 1776 854 1820 causam
879 1758 956 1820 facti
985 1759 1079 1820 solus
1105 1777 1185 1821 cum
1211 1759 1283 1820 solo
1307 1760 1428 1820 sedens
1450 1758 1631 1820 humiliter

487 1859 677 1939 requisivit.
696 1860 745 1921 Ad
770 1862 831 1921 hec
855 1861 1036 1940 episeopus
1061 1861 1165 1922 altius
1187 1859 1363 1939 suspirans
1388 1860 1571 1940 ingemuit,
1598 1869 1631 1921 et

487 1960 570 2041 quia
586 1959 640 2021 his
654 1960 737 2021 olim
756 1959 793 2022 in
813 1961 992 2039 juventute
1014 1978 1076 2022 sua
1099 1961 1204 2021 nimis
1219 1959 1407 2021 delectatus
1426 1977 1461 2021 se
1476 1977 1631 2039 peccasse

430 2086 460 2122 ιο
490 2061 717 2132 meminisset,
735 2061 911 2140 respondit
926 2079 1042 2122 secum
1058 2061 1274 2134 deliberasse,
1293 2068 1331 2121 ut
1346 2075 1405 2140 per
1420 2079 1487 2142 que
1500 2078 1632 2140 peccas·

488 2169 550 2235 set,
560 2178 621 2239 per
633 2161 696 2221 hec
708 2171 741 2221 et
752 2161 904 2239 seipsum
917 2160 1122 2222 abstinendo
1134 2162 1274 2241 puniret
1294 2160 1317 2222 t.
1330 2160 1516 2223 Edificatus
1526 2162 1633 2223 abbas

485 2262 646 2342 exemplo
669 2263 774 2339 hujus
806 2262 1010 2324 abstinentie
1041 2263 1283 2345 gratulabatur
1306 2262 1510 2325 multociens
1539 2263 1631 2343 apud

486 2363 673 2426 familiares
690 2382 781 2439 suos,
795 2363 829 2424 id
846 2363 910 2424 sibi
934 2364 1086 2425 multum
1102 2371 1219 2443 postea
1238 2362 1417 2444 profuisse,
1434 2374 1467 2426 et
1484 2383 1526 2425 ne
1540 2382 1633 2426 exce·

487 2465 582 2527 deret
601 2482 664 2544 per
683 2463 801 2525 illicita
824 2466 866 2525 ab
888 2464 971 2543 ipsis
990 2464 1093 2525 licitis
1112 2482 1146 2525 se
1168 2475 1362 2526 constanter
1374 2465 1568 2526 continebat
1584 2465 1629 2524 ⁶¹.

432 2687 460 2737 15
529 2668 586 2725 15.
597 2663 693 2740 (κη’
709 2664 808 2723 Anno
823 2653 835 2689 ³
850 2661 951 2723 Verbi
965 2662 1134 2723 lncarnati
1154 2662 1230 2725 1068
1245 2662 1263 2701 d
1273 2664 1294 2725 ⁴.
1312 2664 1494 2742 Arnulpho
1513 2662 1630 2726 comiti

522 2878 547 2910 a.
566 2860 647 2911 Dans
662 2861 700 2916 Λ,
722 2860 877 2910 divississet
896 2876 965 2910 corr.
980 2865 1033 2927 par
1049 2867 1168 2926 exponet.
1187 2878 1219 2909 en
1237 2861 1389 2911 divisisset.
1403 2891 1433 2899 -
1453 2860 1476 2912 b.
1494 2862 1575 2913 Dans
1592 2863 1630 2919 A,

489 2949 604 3015 puniret
616 2946 785 2998 abstinendo
797 2963 865 2996 corr.
880 2951 933 3013 par
951 2962 1002 2995 nnc
1017 2948 1091 2995 main
1106 2949 1267 3014 posttricnre
1278 2964 1309 2996 en
1323 2964 1347 2998 a.
1362 2964 1390 3013 p.
1409 2976 1440 2985 -
1459 2965 1482 3000 c.
1503 2948 1581 2998 Dans
1592 2951 1631 3006 A,

489 3038 567 3099 apris
585 3033 759 3095 continebat,
774 3033 843 3083 vient
858 3032 980 3084 domnus
997 3033 1081 3083 etiam
1101 3032 1289 3095 Heliuandus,
1309 3051 1364 3101 ini.
1384 3035 1524 3086 ci-dessous
1541 3053 1555 3086 c
1581 3051 1636 3101 135

490 3125 559 3173 niuis
579 3139 610 3171 en
632 3138 724 3187 marne
744 3120 768 3171 le
787 3119 869 3170 scribe
888 3137 905 3169 a
925 3122 990 3170 ecrit
1011 3119 1133 3171 Arnulso
1155 3122 1262 3181 comiti,
1284 3121 1440 3172 c'esi-c'i-tirc
1456 3121 1492 3172 les
1503 3125 1637 3190 premiers

433 3228 465 3264 20
492 3216 559 3259 mols
585 3208 621 3257 du
644 3225 667 3258 c.
696 3221 741 3271 15,
769 3207 911 3273 indt'quant
929 3211 985 3274 pur
1011 3206 1037 3255 ld
1063 3223 1111 3272 qne
1135 3207 1231 3256 l'ordre
1254 3209 1290 3257 dn
1311 3216 1378 3257 tentc
1393 3209 1446 3258 ton
1468 3212 1521 3257 ttre
1543 3208 1638 3259 reniti

491 3312 591 3346 comme
614 3296 740 3345 ci-dessus
760 3312 770 3344 :
792 3311 824 3343 en
843 3296 913 3359 effet,
932 3293 944 3342 l
949 3293 1033 3343 'ordre
1050 3293 1251 3360 chronologique
1271 3302 1308 3344 est
1325 3295 1360 3344 du
1379 3298 1462 3345 natine
1479 3312 1544 3362 caup
1561 3298 1637 3346 resti-

492 3385 536 3432 tut
553 3389 578 3431 et
595 3380 698 3430 l'ordre
717 3381 753 3429 dn
774 3379 838 3429 Vita
860 3378 1037 3440 Theoderici,
1056 3380 1137 3444 gnide
1162 3388 1283 3429 constant
1308 3382 1338 3430 de
1364 3380 1391 3431 la
1419 3380 1579 3449 Chroniqnc,
1600 3388 1638 3431 cst

492 3470 568 3518 aussi
578 3470 690 3533 respicit
699 3468 769 3533 (tior.
781 3465 845 3518 Vita
854 3464 1034 3527 Theoderici,
1046 3468 1104 3531 20).
1115 3495 1147 3502 -
1160 3466 1186 3518 d.
1200 3466 1281 3516 Dans
1292 3468 1329 3529 A,
1340 3475 1403 3517 cette
1411 3468 1469 3517 date
1480 3475 1518 3518 cst
1530 3470 1638 3517 inserite

492 3557 570 3621 apris
588 3553 730 3605 habendas
748 3550 936 3612 confirmavit,
963 3568 1018 3617 voy.
1037 3552 1178 3601 ci-dessons
1190 3569 1213 3604 c.
1224 3567 1276 3615 ιμ’
1288 3569 1336 3602 sur
1349 3553 1361 3603 l
1366 3553 1465 3602 'erreur
1483 3554 1519 3603 du
1531 3556 1634 3619 copisti,

434 3655 447 3690 2
451 3654 464 3704 5
494 3657 549 3704 noy.
562 3641 711 3701 ci-dessons‚
720 3644 751 3707 p.
764 3642 811 3701 36,
825 3645 882 3686 note
894 3655 920 3700 4,
933 3645 957 3686 rt
968 3639 1043 3686 aussi
1050 3654 1079 3702 p.
1092 3652 1141 3700 33,
1156 3646 1214 3686 note
1224 3656 1251 3701 ᾳ.

528 3935 536 3962 ¹
556 3926 741 3993 Rapprocher
761 3928 796 3979 de
819 3937 893 3979 cette
915 3928 1052 3979 anecdote
1075 3928 1102 3978 le
1121 3929 1187 3978 trait
1206 3928 1353 3996 analogue,
1375 3929 1490 3980 raconte
1510 3927 1549 3980 de'
1565 3930 1638 3981 saint

495 4014 629 4077 Francois
649 4013 783 4073 d'Assise,
805 4014 926 4080 Legenda
951 4012 1047 4063 Trium
1069 4013 1218 4078 Sociorum,
1239 4014 1301 4077 Vll,
1324 4026 1365 4077 22,
1385 4014 1451 4067 ΑΑ.
1478 4014 1540 4077 83.,
1566 4025 1587 4069 t.
1614 4017 1637 4066 ll

495 4099 650 4152 d'octobre.

531 4194 540 4221 ²
559 4185 614 4237 Sur
632 4184 841 4238 l’interversion
853 4187 888 4238 de
900 4202 932 4237 ce
944 4187 1070 4253 chapitre
1083 4196 1111 4237 et
1124 4187 1173 4237 des
1185 4188 1259 4237 deux
1272 4189 1397 4238 suivauts
1410 4188 1555 4254 (auxquels
1568 4203 1640 4239 nous

435 4289 467 4338 3⁰
495 4273 617 4341 gardons
628 4272 795 4338 cependant,
806 4288 879 4339 pour
890 4273 981 4323 eviter
991 4282 1070 4323 toute
1079 4272 1289 4338 complication,
1300 4273 1362 4323 leur
1371 4274 1581 4325 numerotation
1591 4273 1640 4325 des

495 4359 618 4411 editions
630 4358 823 4422 anterieures),
838 4373 903 4426 voy.
916 4359 1051 4409 ci·dessus
1064 4366 1131 4409 note
1144 4375 1166 4410 c.

528 4453 540 4492 3
559 4444 614 4497 Sur
631 4453 706 4497 cette
723 4446 858 4497 donation
875 4445 1016 4497 d'Amoul
1035 4445 1072 4505 ll,
1091 4455 1185 4496 comte
1197 4446 1233 4496 de
1245 4445 1348 4513 chiny,
1363 4461 1428 4513 voy.
1442 4446 1469 4496 le
1488 4445 1547 4497 Vita
1562 4445 1641 4497 Theo

494 4533 587 4595 dorici,
605 4546 648 4593 20,
667 4540 696 4583 et
713 4531 741 4582 le
758 4532 883 4598 dipldme
899 4531 975 4582 edite
991 4547 1026 4582 en
1043 4531 1161 4582 dernier
1175 4531 1232 4582 lieu
1245 4547 1295 4598 par
1308 4533 1344 4583 G.
1359 4531 1478 4594 Kuitiii,
1492 4549 1567 4584 onvr.
1581 4535 1639 4596 citt,

496 4628 516 4671 t.
530 4618 554 4682 1,
567 4634 616 4686 pp.
630 4631 661 4682 23
675 4626 703 4669 et
715 4619 787 4669 suiv.

433 4724 464 4774 35
528 4713 542 4751 4
559 4703 718 4766 Lire1066;
738 4713 812 4756 cette
824 4706 982 4757 correction
995 4704 1122 4755 results:
1144 4712 1169 4755 1⁰
1186 4705 1223 4756 du
1243 4714 1319 4756 texte
1336 4705 1373 4756 du
1392 4705 1527 4772 diplome,
1546 4706 1640 4773 lequel

497 4794 663 4846 mentionue
675 4792 888 4844 l'iuterveution
900 4792 936 4843 de
947 4791 1143 4858 l’areheveque
1155 4792 1190 4842 de
1200 4790 1307 4853 Reims,
1318 4791 1393 4844 alors
1404 4808 1459 4859 que
1469 4809 1500 4843 ce
1512 4794 1587 4860 siege
1600 4792 1641 4843 sut

498 4888 599 4931 vacant
609 4878 647 4930 du
660 4878 781 4947 4juillet
796 4878 857 4944 1067
870 4881 886 4929 a
900 4877 1018 4930 octobre
1033 4877 1109 4943 1069;
1130 4885 1157 4928 2⁰
1175 4878 1213 4928 du
1231 4886 1364 4929 contexte
1381 4879 1416 4930 de
1433 4878 1460 4929 la
1480 4879 1639 4945 chronique,

1495 4990 1518 5047 3
