4450 6125
542 859 624 941 244
747 839 1064 921 Cantatorium
1093 845 1187 923 sine
1224 842 1475 924 Chronicon

540 1134 792 1215 baptisterium,
810 1137 940 1198 habens
953 1136 1042 1197 dotis
1057 1136 1197 1198 nomine
1211 1134 1458 1215 subjectionem
1472 1140 1681 1221 quatuorde-

539 1235 606 1297 cim
626 1235 856 1309 ecclesiarum,
874 1254 1024 1317 quarum
1045 1236 1183 1299 libertas
1201 1237 1338 1316 publico
1356 1239 1566 1301 auctorizata
1582 1240 1684 1321 priri-

539 1336 627 1418 legio
653 1337 790 1399 nullum
814 1337 995 1417 episcopali
1022 1337 1076 1399 vel
1100 1337 1366 1402 archidiaconali
1391 1339 1562 1402 exactioni
1585 1340 1684 1401 debet

539 1450 743 1518 respectum.
774 1439 862 1515 Quia
892 1457 974 1500 vero
1002 1440 1056 1501 his
1083 1441 1210 1502 nostris
1240 1439 1467 1519 temporibus,
1499 1440 1686 1505 dissidente

538 1540 727 1603 sacerdotio
739 1549 772 1600 et
784 1557 900 1620 regno,
911 1541 1132 1602 ecclesiastica
1146 1540 1273 1620 passim
1286 1542 1471 1624 languebat
1484 1542 1684 1618 auctoritas,

538 1641 573 1704 in
594 1642 725 1722 agenda
742 1641 840 1723 legali
856 1640 1000 1719 justicia,
1019 1659 1081 1720 pro
1096 1643 1263 1723 cuiusque
1279 1659 1435 1721 persona,
1452 1642 1526 1705 loco
1542 1642 1687 1706 rationis

539 1745 784 1805 dominabatur
811 1744 980 1805 voluntas.
1010 1743 1108 1806 Unde
1134 1752 1168 1806 et
1197 1744 1315 1806 Bruuo
1341 1753 1506 1824 reputans
1532 1745 1627 1824 apud
1653 1762 1687 1808 se

540 1854 677 1907 mutare
697 1862 794 1924 posse
811 1845 900 1924 leges
915 1856 947 1907 et
963 1856 1130 1924 tempora,
1147 1845 1185 1905 in
1200 1844 1353 1925 predicto
1366 1861 1511 1906 suorum
1527 1845 1686 1919 concilio,

540 1945 637 2026 quasi
655 1945 901 2023 precordialem
916 1944 980 2006 sibi
996 1945 1115 2006 intulit
1126 1945 1393 2026 querimoniam,
1406 1944 1567 2006 videlicet
1579 1945 1691 2007 Anda·

541 2043 718 2123 ginensem
734 2045 910 2105 ecclesiam
927 2044 1029 2106 nimis
1047 2045 1111 2105 sibi
1129 2046 1301 2107 invenisse
1317 2044 1534 2125 injuriosam,
1554 2062 1592 2108 se
1614 2063 1688 2125 pas-

542 2163 620 2206 sum
638 2145 670 2205 in
688 2163 725 2205 ea
740 2146 980 2223 despicabilem
996 2147 1183 2226 repulsam,
1199 2146 1347 2227 indeque
1363 2146 1449 2208 velle
1466 2163 1689 2228 quacumque

542 2246 713 2307 occasione
734 2254 934 2325 conceptam
952 2247 1089 2327 explere
1111 2246 1310 2309 vindictam.
1333 2245 1423 2322 Quia
1443 2246 1550 2319 enim,
1569 2254 1688 2326 utpote

543 2348 646 2407 matri
661 2347 810 2420 ecclesie,
824 2348 952 2410 sciebat
966 2366 1000 2408 se
1013 2348 1209 2428 legitimum
1224 2347 1462 2427 baptisterium
1475 2347 1575 2409 nullo
1588 2348 1689 2411 modo

542 2465 640 2527 posse
659 2449 848 2521 detrahere,
870 2451 1059 2510 conabatur
1082 2448 1243 2529 equidem
1267 2448 1384 2511 oleum
1413 2459 1448 2511 et
1472 2448 1603 2511 crisma
1628 2467 1688 2512 sue

542 2547 806 2626 dispensationis
834 2549 977 2609 omnino
1005 2549 1034 2609 ei
1063 2550 1266 2624 subducere,
1296 2547 1451 2611 ecclesias
1478 2549 1587 2611 etiam
1615 2549 1688 2631 ejus

543 2648 764 2724 subiectionis
783 2660 815 2709 et
837 2648 1052 2723 defensionis,
1078 2650 1191 2710 banno
1209 2651 1502 2730 superimposito,
1520 2652 1688 2713 hactenus

544 2748 667 2811 liberas
681 2750 847 2812 violenter
863 2750 1060 2832 intringere,
1073 2760 1108 2811 et
1123 2751 1226 2829 hujus
1241 2769 1302 2813 sue
1317 2750 1506 2813 voluntatis
1521 2763 1687 2815 conatum

542 2866 663 2910 eorum
683 2849 821 2925 judicin,
844 2850 895 2911 ira
916 2851 1075 2923 dictante,
1097 2850 1250 2930 precepit
1264 2852 1486 2913 censendum.
1505 2851 1621 2931 Super
1637 2850 1689 2913 his

543 2950 704 3011 Wiredus
718 2970 736 3010 a
752 2951 961 3029 quibusdam
984 2950 1142 3014 fidelibus
1156 2952 1294 3013 ecclesie
1309 2953 1539 3031 premonitus,
1556 2953 1689 3015 adierat

539 3050 632 3112 idem
652 3052 850 3123 concilium,
870 3062 908 3115 ut
927 3066 1131 3129 removeret,
1155 3054 1182 3116 si
1202 3056 1294 3136 quod
1315 3054 1479 3116 adversus
1493 3072 1573 3116 eam
1590 3054 1687 3118 moli-

541 3165 647 3227 retur,
660 3155 961 3232 impedimentum.
976 3156 1043 3231 Qui
1056 3174 1278 3236 consurgens,
1291 3155 1397 3217 libera
1413 3155 1687 3218 contradictione

542 3265 750 3335 protestatus
765 3266 825 3329 est,
844 3256 1043 3330 hujusmodi
1062 3274 1183 3317 eorum
1201 3274 1268 3317 non
1282 3274 1355 3318 esse
1370 3254 1550 3330 judicium,
1565 3273 1628 3318 nec
1642 3256 1690 3319 eis

541 3356 721 3417 convenire
749 3374 853 3435 super
885 3357 1062 3418 ecclesiam
1093 3366 1186 3417 tante
1216 3357 1429 3419 auctoritatis
1455 3366 1490 3418 et
1519 3355 1690 3420 libertatis

541 3457 669 3536 aliquid
685 3460 907 3519 censendum.
927 3457 1037 3534 Hujus
1052 3476 1191 3538 quoque
1205 3458 1396 3518 conaminis
1412 3467 1584 3537 respectu,
1601 3458 1691 3520 inter

542 3576 641 3638 pares
655 3571 670 3595 ‘²
695 3577 774 3618 suos
796 3559 830 3619 in
854 3559 1004 3639 generali
1032 3559 1165 3637 synodo
1190 3558 1384 3638 appellabat
1407 3559 1688 3639 respectandum.

546 3643 746 3741 indignatus
777 3660 894 3721 Brano
921 3660 969 3721 sic
996 3677 1031 3720 se
1067 3659 1166 3739 legali
1198 3659 1442 3747 protestatione
1469 3668 1504 3721 et
1532 3659 1693 3741 synodali

546 3761 775 3841 appellatione
790 3770 1008 3840 preventum,
1024 3758 1176 3840 judicio⁶
1194 3759 1362 3838 presentis
1375 3758 1423 3821 ibi
1439 3758 1575 3822 concilii
1591 3760 1694 3823 vellet

547 3864 651 3925 nollet
667 3863 831 3925 concessit
847 3862 987 3924 Wiredo
1002 3871 1209 3941 respectum.
1229 3861 1295 3923 Nec
1311 3862 1423 3923 multo
1435 3870 1512 3940 post
1525 3859 1695 3924 Otbertus

546 3963 751 4044 legationem
772 3982 874 4025 suam
895 3964 936 4025 ad
961 3962 1151 4024 Manassem
1177 3962 1365 4024 Remorum
1391 3960 1693 4041 archiepiscopum

546 4066 683 4136 direxit,
705 4074 739 4126 et
762 4075 799 4126 ut
822 4082 884 4142 pro
905 4063 1112 4145 requirendo
1131 4081 1149 4124 a
1171 4082 1206 4125 se
1227 4060 1390 4124 beneficio
1411 4061 1627 4138 Buloniensi,
1649 4061 1692 4124 ad

545 4166 813 4248 colloquendum
835 4165 897 4226 sibi
920 4163 1118 4225 conveniret
1140 4162 1296 4244 precibus
1318 4163 1469 4225 obtinuit
1484 4162 1507 4225 ¹.
1535 4163 1632 4247 Ergo
1653 4165 1696 4228 ab

578 4362 605 4396 a.
624 4344 705 4396 Dans
716 4344 753 4400 A,
770 4360 802 4393 on
815 4342 848 4393 lit
859 4350 962 4409 patres,
976 4343 1045 4391 rimis
1056 4340 1168 4407 consus:
1176 4344 1305 4411 peut-im
1315 4339 1340 4392 Ie
1350 4338 1434 4392 scribe
1440 4339 1593 4394 a-t-rttcnt
1601 4357 1693 4410 paret.

547 4461 580 4472 —
596 4431 619 4482 b.
639 4432 719 4482 Dans
731 4432 767 4486 Α,
782 4447 815 4480 on
828 4430 860 4479 lit
872 4429 988 4488 iustitie,
1002 4431 1145 4494 expunctae
1156 4436 1181 4477 et
1191 4428 1324 4493 ternplacl
1330 4433 1384 4497 par
1396 4427 1511 4482 iudicio.

579 4722 587 4751 ¹
607 4715 726 4783 L'eglise
744 4715 779 4766 de
799 4714 894 4766 Reims
912 4715 986 4765 avait
1003 4714 1140 4766 conservo
1156 4713 1225 4765 dans
1244 4712 1270 4764 le
1288 4728 1356 4780 pays
1372 4712 1408 4764 de
1426 4709 1575 4776 Bouillon,
1599 4715 1698 4768 meme

543 4805 625 4869 apres
645 4801 830 4869 l'acquisition
851 4800 981 4853 d’Otbert
1003 4800 1083 4868 (voy.
1104 4800 1248 4861 cidessus,
1270 4815 1297 4867 p.
1319 4797 1394 4863 206),
1416 4811 1454 4849 un
1474 4795 1533 4862 fiet,
1555 4815 1593 4852 au
1617 4801 1697 4870 sujet

543 4888 648 4955 duquel
664 4904 702 4938 un
714 4897 908 4953 arrangement
922 4887 1068 4942 intervint,
1079 4901 1136 4937 non
1147 4900 1195 4952 pas
1207 4895 1288 4936 entre
1301 4884 1442 4936 Manassen
1452 4891 1482 4934 et
1491 4879 1612 4948 Otbert,
1623 4887 1701 4940 mis
