4450 6125
896 860 1050 941 Sancti
1084 859 1295 941 Huberti.
1589 862 1662 970 137

527 1160 727 1223 dampnatus
750 1155 924 1206 sententia
948 1154 1101 1220 capitali,
1128 1156 1230 1221 petiit
1248 1154 1288 1206 ab
1306 1171 1344 1206 eo
1363 1155 1514 1207 indutias
1532 1157 1664 1209 domum

528 1259 617 1297 suam
652 1241 871 1307 disponendi.
905 1240 1082 1308 Tyrannus
1117 1242 1364 1303 astutissimus,
1395 1242 1484 1309 quod
1520 1246 1665 1310 reperiri

527 1347 592 1384 non
615 1343 715 1396 posse
740 1328 968 1388 existimavit,
993 1343 1193 1393 sponsorem
1220 1329 1277 1395 qui
1304 1343 1363 1394 pro
1386 1344 1419 1379 se
1442 1329 1619 1391 teriretur,
1640 1331 1666 1382 si

529 1430 652 1468 moram
688 1412 829 1474 faceret,
864 1413 904 1465 ab
939 1429 977 1465 eo
1012 1415 1210 1480 requisivit.
1251 1415 1316 1466 Ille
1346 1423 1380 1466 ut
1410 1414 1511 1466 sidem
1539 1415 1667 1468 faceret

488 1528 500 1578 5
528 1501 693 1556 redeundi
717 1501 832 1551 vadem
859 1502 978 1552 mortis
1001 1516 1059 1551 sue
1083 1502 1213 1552 socium
1238 1502 1380 1562 obtulit,
1406 1505 1579 1555 constanti
1602 1507 1668 1556 ani-

528 1605 579 1642 mo
603 1603 663 1654 pro
687 1602 734 1648 se,
760 1588 785 1638 si
812 1602 876 1638 non
908 1598 1158 1647 reverteretur,
1190 1598 1342 1654 paratum
1373 1590 1471 1642 mori.
1503 1591 1551 1641 ad
1580 1592 1665 1643 diem

528 1677 700 1727 intentate
724 1675 843 1725 mortis
864 1675 1077 1740 proscriptus
1102 1675 1219 1735 rediit,
1242 1692 1314 1727 cum
1336 1679 1449 1729 socius
1468 1678 1532 1744 jam
1556 1680 1667 1732 decer-

526 1771 623 1814 neret
656 1777 716 1828 pro
748 1761 841 1813 socio
871 1760 1104 1812 libentissime
1135 1763 1233 1813 mori.
1265 1763 1472 1815 Ammiratus
1502 1774 1666 1832 tyrannus

526 1848 710 1901 amicitiam
732 1848 980 1914 philosophisa
996 1852 1159 1899 cariorem
1182 1865 1370 1916 essequam
1392 1852 1508 1913 vitani,
1530 1855 1667 1905 remissa

472 1966 501 2002 10
527 1935 699 1987 sententia
731 1935 889 1986 condicte
922 1937 1055 1996 mortis,
1089 1945 1272 2003 utrumque
1305 1938 1336 1986 in
1363 1939 1548 1990 amicitiam
1575 1956 1665 1992 suam

526 2023 683 2085 asscivit,
713 2024 838 2088 quippe
867 2037 950 2088 quos
980 2022 1012 2072 in
1042 2022 1103 2072 tali
1130 2023 1286 2088 periculo
1314 2040 1412 2075 veros
1438 2027 1563 2078 amicos
1593 2043 1667 2093 pro·

527 2109 632 2161 bavit.

563 2195 655 2247 idem
692 2211 772 2246 vero
810 2203 1013 2261 tyrannus¹,
1052 2195 1135 2246 licet
1173 2196 1301 2246 multos
1331 2199 1489 2262 punisset
1518 2199 1664 2265 injuste,

527 2299 625 2334 unum
651 2291 761 2333 tamen
786 2282 945 2332 laudatur
969 2283 1107 2333 omnino
1129 2282 1220 2349 juste
1240 2285 1392 2348 punisse.
1415 2284 1557 2350 Quidam
1578 2288 1665 2337 enim

471 2395 498 2446 15
526 2374 657 2426 erarius
691 2369 906 2435 perpendens
936 2385 1009 2419 eum
1043 2370 1212 2421 delectari
1244 2372 1450 2423 crutiatibus
1481 2374 1665 2436 hominum,

526 2457 773 2513 existimavitb
804 2455 857 2505 illi
896 2456 1073 2506 deservire
1106 2456 1145 2507 ad
1180 2456 1355 2521 placitum,
1383 2459 1409 2508 si
1448 2457 1556 2510 furori
1595 2461 1667 2527 ejus

525 2545 743 2599 adinveniret
769 2543 916 2608 alicujus
943 2542 1110 2593 novitatis
1137 2552 1357 2595 tormentum.
1387 2545 1559 2597 Formavit
1588 2564 1667 2616 ergo

525 2643 556 2685 et
580 2632 669 2684 fudit
694 2630 811 2682 bovem
836 2644 971 2689 eneum,
992 2643 1135 2695 eumque
1159 2639 1304 2695 tyranno
1323 2633 1550 2696 presentavit,
1572 2637 1666 2702 quasi

528 2719 700 2787 cujusdam
722 2715 952 2783 jocunditatis
976 2716 1224 2781 spectaculum.
1244 2715 1309 2782 Qui
1337 2719 1525 2784 requisitus
1550 2721 1666 2783 abeo,

470 2829 501 2865 20
528 2809 564 2860 ad
602 2822 686 2874 quos
725 2820 802 2855 usus
842 2803 940 2853 talem
980 2804 1166 2853 machinam
1204 2806 1448 2871 excogitasset,
1489 2809 1667 2873 respondit

527 2892 650 2946 artifex
685 2890 748 2941 illo
784 2889 1107 2950 intromittendosc,
1145 2891 1171 2940 si
1212 2907 1296 2957 quos
1333 2893 1530 2944 crutiandos
1566 2895 1668 2946 desti-

528 2987 636 3040 naret,
658 2992 867 3042 accensoque
889 2975 1055 3026 desubtus
1077 2992 1170 3043 rogo,
1199 2978 1348 3044 mugitus
1376 2978 1428 3029 illi
1453 2981 1547 3046 quasi
1573 2980 1669 3033 bovis

527 3083 585 3134 per
608 3081 644 3117 os
666 3064 818 3131 ejusdem
844 3062 998 3112 machine
1024 3062 1236 3116 reddituros.
1263 3065 1311 3115 Ad
1336 3067 1397 3117 hoc
1421 3076 1587 3133 tyrannus
1608 3084 1615 3119 :
1640 3069 1671 3117 Id

528 3157 625 3220 ipsum,
651 3151 777 3217 inquit,
800 3154 848 3216 per
872 3157 894 3197 te
910 3150 1034 3216 primum
1059 3150 1113 3198 volo
1135 3153 1261 3215 experiri,
1281 3152 1439 3219 justumque
1462 3153 1531 3203 mihi
1553 3155 1666 3210 uidetur,

469 3260 499 3309 25
529 3248 558 3290 ut
576 3240 654 3306 prior
673 3238 797 3305 paliuris.
824 3236 892 3301 quod
913 3233 976 3284 aliis
992 3240 1157 3303 preparasti.

561 3325 649 3377 Deos
675 3338 808 3391 quoque
836 3337 925 3391 suos!
943 3322 1025 3373 adeo
1061 3324 1187 3382 irrisit,
1225 3334 1259 3374 ut
1290 3324 1450 3389 probaret
1483 3341 1539 3376 eos
1566 3328 1668 3394 magis
1718 3325 1788 3388 Cic„

528 3411 754 3478 contemptui,
776 3425 872 3477 quam
899 3425 972 3459 esse
999 3410 1147 3476 alicujus
1171 3413 1421 3472 venerationis;
1442 3428 1514 3463 nam
1539 3414 1668 3480 ingres·
1698 3395 1809 3444 Deua·

528 3514 584 3550 sus
615 3497 777 3563 templum
816 3495 925 3555 Jovis,
962 3497 1120 3546 amictum
1154 3512 1313 3560 aureum,
1346 3514 1412 3564 quo
1449 3500 1667 3552 simulacrum
1697 3459 1808 3589 Ιῗῗοὲἇ

529 3587 601 3653 ejus
624 3585 816 3645 velabatur,
842 3584 945 3650 jussit
974 3583 1122 3643 detrahi,
1153 3593 1187 3634 et
1217 3601 1277 3650 pro
1306 3602 1345 3635 eo
1375 3586 1507 3637 laneum
1533 3590 1667 3652 reponi,
1743 3566 1748 3586 ’

467 3693 500 3742 30
530 3672 714 3724 cavillatus
736 3686 872 3722 aureum
898 3672 930 3721 in
954 3673 1072 3736 hyeme
1094 3669 1275 3738 frigidum,
1295 3673 1327 3721 in
1346 3682 1455 3723 estate
1472 3688 1669 3727 onerosum.

531 3758 713 3825 Esculapio
747 3758 848 3808 etiam
885 3772 1018 3808 auream
1058 3756 1192 3808 barbam
1232 3757 1314 3808 velli
1350 3760 1520 3825 precepit,
1554 3761 1671 3812 dicens

531 3846 777 3897 inconveniens
811 3859 886 3895 esse
923 3842 1035 3894 silium
1072 3843 1249 3895 barbatum
1284 3845 1410 3906 videri,
1447 3846 1544 3912 cujus
1576 3855 1672 3914 pater

530 3932 668 3998 Apollo,
705 3938 825 3998 utpote
865 3932 994 3983 cotidie
1024 3946 1222 3991 renascens,
1253 3932 1441 3984 habebatur
1468 3934 1671 3987 imberbisd.

531 4017 728 4069 Simulacris
771 4033 906 4085 quoque
950 4018 1150 4069 tenentibus
1194 4034 1312 4069 aureas
1356 4027 1490 4085 pateras
1530 4022 1670 4084 ademit,

462 4126 496 4176 35
531 4111 741 4171 protestatus
766 4104 805 4156 ab
835 4104 1031 4155 hominibus
1061 4120 1127 4156 non
1154 4104 1280 4156 debere
1308 4106 1452 4172 despici,
1482 4109 1569 4173 quod
1601 4109 1672 4160 illis

530 4190 769 4243 offerebatura
790 4191 870 4250 diis;
893 4205 1008 4241 aurum
1030 4190 1211 4251 videlicet,
1233 4192 1260 4240 si
1284 4192 1403 4243 malum
1426 4202 1529 4254 esset,
1551 4194 1672 4246 habere

563 4371 589 4404 a.
608 4352 688 4432 Dans
707 4354 744 4410 A,
769 4353 1005 4419 philosophorum
1027 4354 1138 4419 corrige,
1161 4354 1297 4403 aradcssus
1316 4354 1346 4402 dc
1365 4352 1391 4403 la
1412 4353 1492 4420 ligne,
1513 4371 1545 4404 en
1565 4354 1672 4422 (hilop

529 4438 654 4505 soph)is.
670 4468 696 4475 —
717 4438 739 4490 b.
759 4439 907 4489 extimavit
919 4439 956 4490 A.
972 4468 1003 4475 -
1020 4456 1042 4489 c.
1062 4439 1284 4490 intromitendos
1296 4439 1333 4492 A.
1346 4468 1378 4476 -
1396 4440 1422 4489 d.
1441 4439 1566 4492 inberbis
1577 4442 1614 4491 A.

563 4671 572 4698 ¹
585 4662 677 4716 Notre
688 4666 880 4732 chroniqueur
892 4681 921 4716 se
934 4674 1046 4731 trompe
1057 4682 1063 4716 ε
1074 4665 1094 4715 il
1105 4666 1184 4733 s'agit
1193 4666 1228 4717 de
1238 4666 1373 4726 Phalaris,
1385 4675 1465 4733 tyran
1475 4665 1657 4734 d'Agrigente
1664 4683 1670 4726 ;

450 4772 493 4819 40
526 4750 646 4802 l'artiste
657 4764 687 4800 se
699 4751 836 4801 nommait
852 4750 982 4800 Perillus.
997 4749 1044 4802 On
1061 4761 1196 4802 trouvera
1209 4752 1258 4802 des
1270 4752 1406 4803 allusions
1417 4755 1432 4801 a
1445 4761 1519 4803 cette
1537 4753 1673 4803 anecdote

523 4840 597 4892 dans
608 4836 748 4899 Crchkou,
763 4838 806 4888 De
818 4837 929 4904 republ„
947 4837 998 4899 III,
1014 4852 1055 4901 30,
1074 4852 1122 4900 42;
1138 4838 1301 4904 Definibus,
1317 4838 1350 4899 V,
1367 4840 1406 4900 28,
1421 4841 1467 4903 ⁸5³
1486 4838 1511 4889 Τ
1508 4857 1575 4895 usc„
1595 4840 1631 4901 11,
1647 4856 1670 4906 7»

526 4939 569 4991 17,
584 4931 613 4975 et
623 4922 659 4985 V,
672 4923 712 4986 26,
726 4937 773 4990 753
786 4924 855 4976 dans
868 4924 969 4987 Perua,
984 4923 1052 4974 Hist
1064 4931 1134 4980 nat,
1149 4924 1214 4988 vll,
1229 4924 1269 4987 56,
1283 4937 1324 4989 57,
1338 4934 1392 4976 etc.
