4450 6125
563 901 658 954 >202
791 874 1102 958 Cantatorium
1131 883 1224 960 siue
1259 877 1508 963 Chronieon

572 1176 743 1240 Matheum
768 1193 898 1237 versum
919 1173 1016 1235 illum
1038 1192 1202 1250 exponens
1225 1193 1235 1238 .·
1259 1174 1535 1256 «Quodcumque
1555 1176 1716 1257 ligaveris

570 1297 670 1358 super
691 1284 825 1351 terram,
841 1277 904 1338 erit
920 1277 1064 1355 ligatum
1079 1280 1110 1336 el
1130 1278 1165 1335 in
1183 1277 1272 1350 celis,
1288 1280 1319 1336 el
1333 1278 1559 1357 quodcumque
1578 1278 1715 1340 solveris

569 1399 669 1460 super
688 1384 823 1451 terram,
839 1378 903 1438 erit
919 1377 1066 1438 solutum
1085 1381 1116 1438 el
1135 1381 1172 1438 in
1191 1378 1270 1438 celis
1285 1377 1294 1404 ¹
1313 1401 1340 1453 ι,
1357 1378 1405 1438 ita
1424 1378 1530 1440 dicit'
1547 1398 1557 1442 :
1574 1404 1587 1434 ι
1607 1379 1712 1442 Istum

571 1507 584 1538 a
609 1484 716 1544 locum
731 1480 914 1561 presbyteri
927 1483 958 1539 el
971 1479 1113 1557 episcopi
1127 1497 1192 1539 non
1208 1478 1436 1557 intelligentes,
1453 1480 1582 1559 aliquid
1597 1480 1666 1542 sibi
1675 1482 1713 1542 de

569 1611 581 1640 e
607 1585 837 1664 phariseorum
849 1586 1023 1644 assumunt
1034 1581 1222 1660 supercilio,
1233 1586 1270 1641 ul
1283 1582 1332 1642 vel
1342 1580 1497 1643 damnent
1510 1582 1710 1658 innocentes,
1728 1612 1741 1663 f:
1791 1606 1814 1654 ‚¹

568 1686 655 1748 «vel
682 1686 805 1746 solvere
830 1703 863 1745 se
888 1684 1007 1743 noxios
1031 1682 1250 1756 arbitrentur,
1281 1699 1356 1742 cum
1384 1680 1475 1760 apud
1503 1680 1611 1743 Deum
1645 1701 1711 1748 non

567 1813 580 1844 a
603 1789 765 1850 sententia
786 1786 1002 1858 sacerdotum,
1025 1784 1080 1844 sed
1100 1801 1234 1844 reorum
1259 1784 1325 1844 vila
1349 1786 1520 1862 queratur.
1545 1782 1711 1864 Legimus

566 1916 579 1947 a
605 1892 639 1950 in
655 1889 797 1951 Levitico
811 1889 850 1947 de
869 1887 1017 1966 leprosis,
1036 1884 1095 1946 ubi
1103 1883 1245 1964 jubetur
1263 1889 1300 1945 ul
1318 1883 1491 1946 ostendant
1505 1902 1540 1945 se
1556 1887 1711 1947 sacerdo-

564 2019 577 2048 a
604 1992 692 2052 tibus
706 2002 732 2065 ⁰,
755 1995 785 2051 et
804 1990 835 2050 si
855 1989 979 2067 lepram
1002 1987 1186 2061 habuerint,
1211 1991 1289 2047 tunc
1311 2005 1332 2047 a
1353 1986 1517 2047 sacerdote
1539 1986 1712 2048 immundi

560 2117 575 2146 Ι
594 2090 684 2168 stant
698 2080 710 2117 ³
727 2108 736 2152 .·
752 2107 816 2150 non
831 2088 920 2170 quod
933 2087 1111 2149 sacerdotes
1126 2087 1316 2149 immundos
1331 2085 1458 2162 faciant
1476 2086 1636 2166 leprosos,
1652 2091 1709 2150 sed
1729 2111 1762 2156 no

561 2221 575 2249 ι
600 2194 687 2274 quod
716 2192 852 2254 habeant
881 2191 1034 2252 notitiam
1061 2190 1183 2265 leprosi
1209 2195 1239 2251 ct
1268 2207 1333 2250 non
1363 2189 1494 2268 leprosi,
1521 2195 1552 2251 et
1575 2191 1707 2268 possint

560 2321 574 2351 s
599 2295 779 2356 discernere
804 2294 865 2373 qui
888 2292 1044 2364 mundus,
1072 2291 1121 2353 uel
1145 2292 1206 2371 qui
1229 2291 1423 2352 immundus
1448 2292 1501 2352 sil.
1531 2290 1707 2366 Quomodo

560 2421 573 2451 ι
597 2413 680 2476 ergo
695 2394 860 2473 leprosum
876 2393 923 2455 ibi
936 2393 1086 2454 sacerdos
1107 2392 1270 2452 mundum
1291 2391 1341 2452 vet
1363 2391 1576 2453 immundum
1596 2392 1704 2454 disco·

558 2524 572 2555 ι
596 2498 749 2578 periendo
761 2496 841 2575 facit
857 2516 867 2556 :
882 2494 954 2557 sict
968 2500 998 2556 et
1013 2495 1066 2555 hic
1080 2499 1140 2555 aut
1155 2494 1252 2574 tigal,
1270 2498 1328 2555 aut
1342 2494 1439 2555 solvil
1452 2493 1638 2572 episcopus,
1655 2496 1706 2556 oet

557 2626 570 2657 ι
595 2601 770 2680 presbyter,
786 2617 851 2660 non
866 2617 917 2660 eos
932 2599 993 2680 qui
1008 2598 1152 2658 insontes
1167 2601 1288 2657 suntet
1303 2597 1411 2668 noxii,
1428 2596 1482 2657 sed
1497 2614 1559 2669 pro
1573 2597 1705 2670 officio‘
1731 2618 1759 2670 ις

557 2729 569 2758 ι
595 2721 655 2764 suo
677 2719 752 2762 cum
773 2705 977 2779 peccatorum
998 2699 1144 2759 audierit
1164 2698 1347 2768 varietates,
1368 2697 1429 2758 scit
1446 2697 1506 2776 qui
1527 2697 1701 2776 ligandus,

556 2828 569 2858 ι
594 2804 643 2864 uel
653 2803 713 2882 qui
724 2801 896 2863 solvendus
906 2803 951 2861 sit
965 2827 991 2860 s.
1012 2800 1198 2879 Gregorius
1209 2817 1294 2878 papa
1308 2800 1473 2860 Ianuario
1488 2797 1703 2861 carallitano

552 2905 700 2983 episcopo
718 2905 730 2937 ⁴
750 2918 758 2962 ε
782 2927 795 2956 ι
820 2903 911 2963 Inter
932 2902 1082 2982 querelas
1100 2902 1297 2980 multiplices
1323 2901 1483 2962 Ysidorus
1503 2901 1558 2961 uir
1578 2902 1701 2963 claris·

555 3030 567 3059 ι
592 3005 697 3068 simus
711 3024 732 3067 a
743 3004 953 3081 fraternitate
969 3009 1026 3065 lua
1037 3022 1069 3065 se
1079 3004 1400 3066 excommunicatum
1414 3009 1614 3085 conquestus
1625 3010 1673 3068 est
1687 3025 1698 3066 :

554 3132 567 3163 ι
593 3109 681 3189 quod
701 3125 763 3167 cur
780 3106 905 3182 sactum
924 3106 1039 3181 suerit,
1058 3106 1139 3166 dum
1159 3126 1178 3166 a
1199 3108 1285 3167 clero
1304 3111 1361 3168 tuo
1380 3109 1440 3186 qui
1460 3125 1594 3178 presens
1613 3112 1696 3184 erat,
1725 3124 1758 3164 so

553 3234 566 3265 a
590 3209 806 3270 voluissemus
820 3207 987 3269 addiscere
993 3206 1019 3280 d,
1036 3225 1097 3286 pro
1109 3207 1203 3268 nulla
1218 3207 1286 3269 aha
1298 3226 1408 3284 causa,
1420 3208 1487 3269 nisi
1494 3226 1556 3282 pro
1562 3210 1697 3289 eoquod

551 3316 617 3372 «le
640 3308 871 3390 injuriaverat,
890 3310 1022 3388 jactum
1049 3308 1208 3371 innotuit.
1234 3308 1305 3383 Que
1329 3327 1380 3370 res
1406 3326 1466 3370 nos
1490 3309 1697 3371 vehementer

550 3439 561 3467 ο
587 3413 723 3491 afflixit,
739 3412 865 3492 quiesi
879 3411 925 3471 ila
940 3416 998 3484 est,
1013 3411 1063 3471 nil
1084 3415 1113 3471 le
1135 3410 1282 3490 cogitare
1295 3411 1333 3470 de
1351 3409 1521 3472 celestibus
1535 3411 1694 3485 ostendis,

548 3538 562 3568 e
586 3514 641 3574 sed
659 3517 823 3573 terrenam
843 3517 873 3572 te
894 3512 1010 3572 habere
1028 3512 1304 3572 conversationem
1323 3509 1506 3590 significas,
1527 3513 1610 3572 dum
1630 3530 1695 3590 pro

548 3640 562 3669 «
586 3614 731 3675 uindicta
757 3612 892 3691 proprie
916 3610 1052 3692 injurie,
1079 3613 1168 3693 quod
1191 3612 1294 3674 sacris
1322 3611 1452 3691 regulis
1480 3611 1691 3689 prohibetur,
1723 3634 1757 3689 25

548 3742 562 3773 ι
587 3717 847 3777 maledictionem
872 3716 1089 3776 anathematis
1118 3715 1272 3776 invexisti
1296 3737 1306 3775 .·
1327 3714 1414 3775 unde
1434 3714 1473 3775 de
1496 3720 1603 3778 cetero
1623 3722 1694 3780 esto

547 3843 559 3872 Ι
584 3817 839 3895 circumspectus
859 3822 957 3897 atque
976 3817 1150 3887 sollicitus,
1172 3821 1202 3878 et
1221 3816 1302 3877 lolia
1323 3816 1477 3897 cuiquam
1498 3833 1560 3895 pro
1581 3818 1695 3893 delen·

546 3948 558 3969 ·
583 3923 674 3979 sione
694 3916 821 3997 injurie
839 3923 893 3979 tue
911 3918 1035 3994 inferre
1054 3920 1160 3979 denuo
1182 3936 1247 3988 non
1268 3935 1457 3996 presumas,·
1474 3935 1552 3978 nam
1573 3920 1605 3979 si
1626 3920 1697 3982 tale

575 4140 601 4176 a.
620 4120 813 4175 secerdotibus
825 4122 862 4174 A.
876 4148 908 4158 -
925 4120 949 4174 b.
968 4121 1016 4173 sed
1029 4121 1066 4172 Λ.
1080 4149 1113 4158 -
1124 4136 1147 4172 c.
1161 4118 1245 4172 oficio
1256 4121 1293 4172 Α.
1307 4149 1340 4160 -
1351 4119 1377 4171 d.
1390 4118 1516 4172 adiscere
1527 4121 1565 4173 Α.

573 4436 580 4463 ¹
602 4427 629 4481 S.
644 4428 800 4490 Mnemon,
813 4414 955 4494 Evangile,
972 4443 996 4479 c.
1010 4426 1086 4489 XVI,
1102 4444 1129 4478 v.
1146 4442 1183 4493 ¹9·
1723 4447 1760 4498 30

574 4522 583 4547 ²
602 4513 629 4564 S.
662 4513 787 4575 liuline,
821 4513 1036 4564 Cormncntarius
1065 4514 1093 4563 in
1120 4512 1300 4580 Evangelium
1324 4514 1471 4565 ucundum
1496 4512 1688 4577 Mastiacum.

540 4599 653 4661 Misso,
667 4599 770 4651 Ponat.
783 4599 858 4655 Lot„
874 4609 894 4653 t.
908 4598 1011 4661 XXVI,
1025 4598 1080 4652 col.
1097 4613 1152 4652 122.

571 4694 582 4732 3
601 4685 679 4737 Liber
691 4686 814 4741 Levitici,
829 4701 869 4737 cc.
883 4685 952 4737 XIII
965 4697 992 4737 el
1006 4685 1082 4737 XIV.

570 4783 581 4816 s
601 4773 629 4825 5.
647 4773 770 4838 Gregorii
786 4774 826 4823 II
819 4791 883 4836 igni
900 4773 1007 4840 Epistol
1005 4790 1085 4823 artem
1102 4772 1147 4823 Iib.
1165 4772 1207 4833 II,
1222 4774 1314 4823 indict.
1332 4772 1367 4835 X,
1384 4790 1448 4841 ep.
1438 4772 1544 4836 XLIX
1562 4773 1688 4842 ΜΙΕΝΕ,

538 4861 563 4910 I'
563 4860 640 4910 stret.
652 4860 725 4920 Lot..
740 4871 759 4912 t
776 4860 918 4921 Lxxvhl
929 4860 982 4912 col.
994 4861 1167 4925 sooetsuiv.
1183 4859 1689 4928 Ischroniquereproduittextuel-
1719 4883 1755 4937 35

537 4948 641 4998 lement
655 4959 728 4999 cette
740 4948 833 5008 lettre,
847 4963 914 5000 arec
925 4947 1062 5014 quelques
1075 4947 1215 5000 variantes
1226 4961 1290 5000 sans
1302 4947 1486 5013 importunos
1557 4995 1560 5001 ,
1651 4999 1655 5004 .
1677 4973 1706 4988 -·
