4450 6125
875 856 1030 939 Sancti
1060 858 1272 939 Huberti.
1395 866 1405 974 '.
1594 861 1646 961 45

509 1150 584 1212 daci
599 1148 674 1230 joco
688 1150 834 1212 removit
848 1160 882 1211 et
897 1151 1096 1228 hujusmodi
1112 1153 1199 1214 sales
1213 1151 1468 1233 archiepiscopo
1482 1152 1518 1214 in
1534 1153 1653 1217 faciem

511 1251 626 1330 rejecit
642 1265 649 1312 :

699 1425 701 1430 ’
713 1428 742 1480 Si
755 1437 864 1480 veteres
877 1445 1014 1482 renovare
1025 1432 1128 1499 gradus
1141 1440 1171 1482 ut
1185 1432 1307 1482 carmina
1320 1432 1418 1494 nostis,

709 1515 794 1567 Unde
807 1532 885 1569 reum
900 1533 945 1568 me
956 1518 1075 1584 quisque
1089 1533 1169 1569 meus
1181 1518 1336 1584 prejudicat
1349 1519 1448 1579 hostis,

713 1601 776 1652 Jam
789 1603 872 1655 video
884 1605 949 1670 quia
960 1605 1094 1671 quicquid
1106 1620 1159 1673 ago
1172 1614 1281 1655 mutare
1294 1605 1421 1671 potestis,

714 1687 770 1739 Sed
782 1688 866 1741 doleo
879 1692 944 1757 quia
956 1706 1014 1742 non
1026 1691 1107 1743 valeo
1120 1692 1165 1742 vel
1177 1707 1260 1742 nosse
1271 1691 1339 1757 quid
1351 1692 1429 1742 estis.

713 1773 742 1826 Si
755 1776 847 1842 prisce
858 1778 970 1842 pietatis
981 1792 1061 1829 amor
1072 1793 1123 1829 vos
1135 1778 1312 1839 detinuisset,

716 1862 752 1912 Et
765 1879 889 1926 servum,
902 1867 950 1931 qui
965 1875 1058 1917 vester
1070 1882 1156 1927 eram,
1170 1881 1228 1917 non
1240 1865 1420 1916 deseruisset.

716 1949 772 2002 Pro
783 1967 882 2018 puero,
896 1951 962 2003 licet
974 1953 1089 2015 eximio,
1102 1968 1159 2004 non
1171 1961 1245 2003 esset
1257 1952 1406 2018 agendum,

716 2035 882 2089 Pontificem
895 2040 956 2089 sine
966 2040 1073 2106 judicio
1084 2041 1124 2090 sic
1134 2039 1356 2090 destituendum.

715 2122 791 2188 Quid
803 2122 902 2176 latuit?
914 2141 969 2191 que
981 2141 1063 2177 causa
1076 2125 1146 2176 luit?
1158 2125 1211 2176 luit
1222 2124 1302 2179 utilis
1314 2125 1394 2176 ord0.

718 2208 772 2260 Per
785 2225 830 2261 me
843 2212 891 2277 qui
904 2221 1030 2278 quartus,
1044 2228 1095 2278 per
1108 2228 1159 2263 vos
1172 2211 1224 2262 luit
1237 2213 1265 2261 in
1275 2210 1440 2262 decacorde

718 2295 776 2346 lam
788 2297 928 2348 decimare
940 2299 1016 2364 quod
1028 2308 1070 2349 est
1083 2299 1189 2365 poterit
1203 2299 1381 2364 multumque
1395 2297 1525 2364 benigne.

718 2382 788 2434 Tres
801 2385 906 2450 polerit
918 2395 1043 2451 prestare
1053 2400 1066 2423 a
1080 2385 1183 2452 gradus
1195 2394 1222 2436 el
1235 2384 1355 2452 psallere
1366 2385 1459 2452 digne.

459 2581 488 2630 ¹5
564 2576 620 2634 1⁸.
651 2573 725 2650 (26.)
750 2572 864 2634 Gozilo
895 2574 914 2645 ¹,
946 2590 1060 2634 comes
1087 2573 1238 2633 Bohanie
1263 2572 1286 2644 ²,
1320 2572 1411 2650 apud
1442 2556 1659 2630 llarlidam³
1708 2576 1780 2638 1064.

518 2657 760 2736 dominicalem
776 2673 921 2735 domum
943 2673 1111 2734 violenter
1132 2671 1246 2755 fregit,
1264 2673 1355 2735 etad
1374 2674 1540 2753 placitum
1555 2690 1659 2735 suum

519 2776 647 2839 abusus
668 2775 799 2837 ibidem
824 2776 1018 2857 quibusque
1043 2776 1204 2850 inventis,
1232 2792 1286 2837 res
1311 2776 1415 2837 etiam
1441 2775 1661 2838 ecclesiastice

518 2876 647 2941 familie
658 2877 862 2940 satellitibus
876 2877 948 2939 suis
962 2877 1172 2956 diripiendas
1188 2876 1359 2955 permisit;
1376 2887 1408 2938 et
1424 2893 1506 2937 cum
1521 2883 1661 2938 cenatus
1740 2899 1744 2904 ’

520 2981 738 3059 protraheret
757 2990 891 3041 noctem
913 2980 994 3057 jocis
1015 2989 1048 3042 et
1068 2980 1296 3052 sermonibus,
1320 2985 1458 3058 repente
1480 2994 1662 3058 percussus

453 3104 492 3141 κο
521 3080 652 3143 ultione
667 3080 795 3155 divina,
820 3080 854 3141 in
878 3080 957 3159 ipso
969 3079 1169 3159 crepusculo
1187 3078 1200 3117 ὃ
1216 3077 1328 3141 finivit
1343 3080 1461 3141 vitam.
1481 3080 1573 3141 Uxor
1590 3079 1664 3155 ejus

523 3182 819 3257 Ermentrudis⁶⁴‚
837 3182 878 3243 de
892 3199 1076 3244 comm1sso
1091 3182 1223 3242 domini
1247 3182 1300 3243 sui
1325 3181 1496 3243 humilem
1515 3180 1664 3243 satisfac·

554 3397 580 3428 α.
599 3394 681 3446 prare
695 3383 831 3429 surmont!
842 3378 905 3427 d'un
920 3380 994 3433 erait,
1010 3378 1050 3437 Α;
1070 3385 1182 3444 patrare
1194 3378 1231 3434 Α,
1245 3385 1269 3426 ei
1281 3379 1320 3435 Α,
1327 3395 1334 3437 3
1354 3386 1496 3444 praestare
1514 3376 1618 3428 MGH.
1631 3404 1664 3412 -

520 3464 545 3516 b.
564 3464 745 3531 crepussculo
756 3465 794 3515 Α.
807 3493 840 3501 -
856 3480 880 3514 c.
901 3463 1120 3515 Ermenrurudis
1132 3464 1170 3514 A.

560 3801 568 3827 ¹
586 3791 714 3845 Gonelon
732 3791 893 3860 (diminutis
903 3792 939 3843 de
951 3791 1131 3857 Godelroid)‚
1149 3790 1256 3842 10283i
1272 3789 1343 3851 1064,
1357 3798 1450 3841 comte
1466 3789 1501 3840 de
1518 3788 1666 3857 Montaigu

455 3893 471 3929 2
477 3891 492 3941 5
523 3879 601 3931 etde
614 3878 757 3948 Behogne,
770 3879 860 3932 avoue
872 3880 907 3930 de
920 3878 1034 3939 Dinant,
1048 3879 1108 3929 doit
1120 3879 1181 3929 etre
1193 3893 1228 3928 en
1240 3887 1332 3937 outre,
1346 3876 1426 3928 selon
1444 3885 1524 3928 toute
1536 3877 1669 3928 vraisem·

523 3963 634 4027 blance,
652 3964 779 4017 identifie
796 3981 864 4016 avec
883 3966 910 4016 le
929 3980 1104 4033 personnage
1123 3966 1161 4016 du
1181 3967 1273 4015 meme
1292 3980 1369 4026 nom,
1387 3974 1481 4016 comte
1499 3966 1535 4016 de
1554 3963 1622 4032 Huy
1640 3973 1669 4016 et

523 4049 652 4119 d’Engis,
664 4051 755 4103 avoue
767 4052 802 4103 de
812 4049 1096 4117 saint-Barthelemy,
1107 4050 1227 4118 uLiege,
1241 4058 1268 4101 el
1279 4050 1315 4101 de
1324 4049 1622 4116 Villersen—Hesbaye
1628 4065 1635 4109 ;
1650 4048 1669 4097 il

524 4145 571 4189 est
581 4137 785 4189 certainement
796 4138 911 4189 distinct
923 4153 973 4203 par
986 4146 1084 4188 contre
1096 4138 1133 4188 du
1147 4146 1240 4188 comte
1252 4136 1380 4188 Gozelon
1392 4137 1427 4188 de
1440 4136 1589 4203 Basiogne,
1600 4136 1671 4186 dont

526 4223 608 4291 parle
624 4224 651 4276 la
671 4225 823 4293 chronique
840 4226 1004 4285 cidessous,
1022 4240 1047 4275 c.
1067 4226 1112 4288 583
1133 4239 1198 4291 roy.
1223 4223 1255 4273 C.
1275 4223 1409 4284 Romo,
1427 4223 1478 4273 Les
1495 4224 1630 4289 serpnmrs
1647 4228 1671 4269 cr

455 4327 496 4377 30
526 4318 623 4362 comtes
638 4311 669 4363 dc
685 4311 838 4379 Rochesorr,
860 4328 907 4378 pp.
928 4324 960 4376 70
978 4320 1006 4362 et
1025 4311 1097 4362 suiv.
1118 4310 1275 4376 (Anninus
1292 4324 1331 4360 nn
1346 4323 1384 4360 ni
1401 4308 1526 4360 Socrrlrd
1541 4307 1671 4359 Arenio

524 4407 655 4458 nomque
667 4411 706 4448 nn
717 4397 841 4459 Nruun,
854 4406 874 4448 t.
889 4396 951 4457 XX,
965 4396 1053 4463 1893).

563 4490 573 4517 ²
591 4482 734 4553 Behogne,
748 4472 927 4550 aujourd’hui
941 4481 1043 4549 simple
1055 4483 1181 4549 quartier
1191 4482 1227 4533 de
1240 4481 1395 4534 Rocheiort
1408 4480 1542 4549 (Namur,
1556 4479 1671 4541 Dinanr,

525 4567 662 4622 chel-lieu
673 4571 709 4622 de
718 4570 846 4637 canton),
860 4586 890 4621 se
908 4570 1055 4622 conlondit
1067 4568 1229 4638 longlemps
1241 4585 1308 4621 avec
1329 4578 1403 4621 cette
1420 4567 1533 4620 localite'
1545 4576 1574 4619 el
1585 4566 1628 4618 lut
1646 4567 1672 4617 le

527 4655 663 4709 chel-lieu
674 4656 742 4709 d'un
754 4658 803 4710 des
815 4658 885 4710 trois
896 4657 1042 4725 doyennes
1054 4657 1089 4708 de
1101 4656 1316 4709 l'archidiacone
1328 4656 1364 4708 de
1376 4656 1528 4707 Famenne.

452 4762 470 4812 3
475 4758 493 4810 5
548 4734 549 4737 ¹
565 4750 576 4789 ³
594 4742 723 4807 Marloie‚
736 4744 917 4812 dependance
929 4744 964 4796 de
977 4744 1066 4794 Waha
1079 4743 1306 4812 (Luxembourg,
1320 4743 1461 4810 Marche).

562 4831 578 4875 '⁴
595 4830 787 4886 Ermentrude
798 4831 834 4884 de
847 4831 949 4894 Harze,
961 4832 1031 4882 ainsi
1044 4831 1186 4892 nommee,
1200 4830 1280 4882 selon
1293 4829 1319 4881 la
1331 4830 1494 4897 conjecture
1505 4828 1540 4880 de
1553 4826 1673 4887 Roland,

527 4906 617 4987 parce
634 4932 690 4985 que
705 4917 732 4970 la
750 4917 863 4970 localile
882 4919 917 4969 de
935 4916 1027 4968 Harze
1047 4916 1158 4985 (Liege,
1178 4916 1256 4984 Huy,
1275 4916 1432 4983 Ferrieres)
1450 4915 1519 4967 erait
1536 4913 1675 4980 comprise
