4450 6125
560 826 610 877 22
768 796 1082 878 cantatorium
1110 801 1204 878 sive
1239 796 1490 878 Chronicon

559 1095 635 1168 dus,
652 1094 746 1169 Otto,
763 1094 957 1157 Gualterus.
978 1094 1177 1157 Multociena
1191 1112 1273 1156 vero
1287 1093 1488 1156 adversatus
1502 1093 1545 1154 ab
1560 1089 1629 1153 hiis
1639 1091 1698 1174 qui

559 1195 593 1256 in
610 1195 714 1257 veteri
734 1205 846 1256 mente
863 1214 948 1258 nova
965 1196 1122 1257 meditari
1144 1197 1366 1277 cogebantur,
1387 1194 1467 1255 licet
1482 1193 1653 1273 patienter
1666 1202 1698 1255 et

560 1295 683 1357 tacitus
697 1296 817 1357 eadem
829 1294 994 1376 perferret
1005 1297 1159 1370 adversa,
1171 1294 1207 1356 in
1219 1292 1433 1356 enutriendis
1443 1299 1477 1353 et
1487 1290 1696 1363 erudiendis,

560 1397 595 1456 in
614 1397 853 1459 convertendis
867 1396 972 1458 etiam
987 1415 1073 1477 quos
1092 1404 1237 1475 poterat,
1261 1394 1428 1476 sagaciter
1448 1402 1483 1455 et
1503 1400 1699 1455 constanter

559 1496 765 1559 claborabat.
785 1497 961 1559 Enutrivit
977 1507 1091 1559 autem
1106 1495 1200 1558 idem
1216 1497 1332 1568 abbas,
1355 1495 1446 1556 inter
1468 1493 1599 1556 multos
1613 1510 1698 1574 quos
1735 1512 1745 1565 5

559 1600 600 1659 ab
612 1597 754 1661 infantia
767 1599 887 1661 timere
900 1600 1010 1660 Deum
1021 1597 1149 1671 docuit,
1160 1595 1552 1671 Gislebertumejusdem
1561 1593 1697 1658 ecclesie

558 1698 768 1781 religiosum,
781 1711 897 1779 postea
908 1700 1088 1771 decanum,
1098 1697 1329 1760 inscribendis
1339 1703 1373 1758 et
1385 1695 1593 1758 renovandis
1604 1694 1698 1758 libris

556 1802 750 1864 studiosum
766 1802 788 1876 ¹,
813 1800 984 1863 Alfridum
1006 1800 1222 1862 cellerarium
1245 1810 1278 1861 et
1298 1798 1502 1860 custodem²
1527 1806 1562 1860 et
1582 1808 1696 1878 postea

556 1902 638 1963 celle
657 1893 921 1975 mirvoldensis?
943 1901 1103 1982 priorem,
1129 1900 1329 1962 Liebertum
1344 1898 1426 1960 celle
1443 1897 1696 1960 Bullouiensis⁴

557 2002 707 2081 priorem
728 2003 884 2082 primum
910 2012 943 2064 et
974 2011 1090 2082 postea
1118 2001 1255 2079 majoris
1276 1999 1414 2062 ecclesie
1435 1990 1694 2079 ⁵·prepositum,
1720 2025 1783 2061 tc>

558 2104 779 2183 Arnulphum
816 2103 1044 2181 capellanum.
1082 2108 1266 2175 Quemdam
1301 2107 1313 2143 ⁶
1347 2121 1427 2159 vero
1462 2106 1695 2168 Lambertum,

556 2203 658 2253 nimis
676 2202 897 2254 nobilitatem
916 2218 1008 2254 suam
1031 2203 1274 2269 extollentem,
1297 2218 1369 2254 cum
1392 2209 1573 2269 pateretur
1594 2201 1697 2253 inles-

556 2290 693 2352 tiorem,
718 2299 913 2341 nontamen
935 2288 1122 2341 deficiebat
1140 2298 1175 2340 ut
1194 2290 1414 2356 resipisceret
1434 2302 1457 2351 ⁶,
1482 2286 1697 2340 exhortando

556 2376 730 2444 Deumque
759 2386 794 2429 ut
820 2379 850 2428 ei
877 2377 974 2428 daret
1003 2377 1164 2444 spiritum
1194 2377 1473 2443 compunctionis
1507 2375 1693 2427 exorand0.

556 2463 619 2514 Hic
640 2464 672 2514 in
692 2464 799 2514 natali
821 2463 1057 2530 apostolorum
1080 2464 1171 2515 Petri
1194 2472 1226 2514 et
1252 2462 1344 2514 Pauli
1371 2464 1527 2514 lecturus
1547 2462 1586 2512 ad
1610 2462 1694 2530 vigi·
1727 2464 1784 2515 ¹5

553 2550 616 2601 lias
637 2550 872 2614 nocturnales,
893 2566 965 2601 cum
990 2560 1067 2601 ante
1093 2549 1246 2601 abbatem
1270 2550 1344 2600 sine
1371 2549 1567 2600 reverentia
1590 2548 1695 2600 incli-

554 2637 705 2687 nationis
732 2637 880 2687 trsnsire
907 2637 1090 2704 cogitaret,
1109 2635 1225 2687 subito
1248 2636 1387 2701 expavit
1407 2650 1442 2686 se
1462 2635 1581 2686 videre
1605 2635 1695 2687 inter

555 2722 691 2774 brachia
713 2721 810 2773 illius
832 2737 970 2788 puerum
989 2721 1144 2790 gloriose
1169 2722 1400 2784 habitudinis,
1422 2720 1534 2773 abbati
1559 2721 1693 2788 quidem

554 2807 723 2875 hylariter
746 2809 1031 2876 congaudentem,
1055 2808 1121 2860 sibi
1144 2823 1224 2860 vero
1248 2809 1424 2859 minaciter
1445 2807 1693 2875 indignantem.

554 2894 618 2959 Qui
651 2895 725 2945 dum
751 2905 899 2945 tremens
928 2896 984 2945 vix
1012 2895 1047 2945 in
1078 2894 1224 2962 legendo
1255 2894 1463 2947 subsisteret
1491 2894 1695 2962 rediensque
1742 2887 1803 2935 ²0

554 2980 780 3031 humillimam
809 2980 1069 3032 inclinationem
1097 2981 1212 3032 abbati
1241 2980 1457 3043 exsolveret,
1488 2981 1695 3034 mirantibus

552 3068 701 3127 cunctis,
725 3068 807 3119 adeo
826 3067 1002 3119 resolutus
1022 3077 1072 3119 est
1094 3070 1127 3119 in
1146 3069 1312 3132 lacrimis,
1334 3077 1370 3120 ut
1393 3069 1607 3121 nullomodo
1628 3085 1695 3121 ces·

551 3161 641 3205 saret
659 3170 674 3204 a
692 3154 905 3222 singultibus
923 3162 955 3205 et
974 3155 1152 3220 suspiriis
1178 3154 1259 3206 Post
1284 3155 1423 3223 vigilias
1445 3154 1578 3207 aiiusus
1593 3155 1692 3208 abba·

552 3242 596 3292 tis
615 3241 760 3306 pedibus
778 3240 955 3293 confessus
976 3251 1026 3292 est
1052 3252 1191 3308 peccata
1219 3258 1276 3294 sua
1294 3243 1331 3293 ad
1358 3258 1488 3309 purum,
1507 3251 1630 3309 petens
1653 3242 1691 3295 ab

551 3343 589 3379 eo
607 3327 824 3379 indicendum
844 3343 904 3393 pro
922 3329 1115 3394 penitentia
1137 3328 1201 3381 sibi
1223 3328 1366 3380 exilium
1385 3328 1586 3381 voluntaria
1604 3345 1690 3382 men·
1723 3312 1813 3377 25

549 3413 693 3464 dicitate
722 3429 737 3464 a
763 3430 797 3465 se
826 3416 1099 3483 transigendum.
1132 3416 1301 3468 Hortante
1330 3432 1411 3468 vero
1439 3416 1562 3469 abbate
1591 3416 1689 3470 illurn

550 3514 728 3550 remanere
752 3515 864 3551 secum
888 3510 920 3551 et
944 3501 1138 3567 spondente
1161 3517 1195 3552 se
1224 3500 1278 3551 illi
1308 3502 1340 3551 in
1371 3502 1563 3566 penitentia
1589 3501 1690 3554 colla-

549 3586 764 3649 boraturum,
796 3588 974 3654 respondit
1001 3604 1067 3640 non
1093 3588 1162 3640 sibi
1190 3589 1299 3640 videri
1333 3588 1433 3650 utile,
1464 3604 1536 3641 cum
1566 3586 1691 3656 quibus

580 3752 606 3785 a.
627 3736 799 3801 rescpicente
811 3736 849 3786 Α.

548 3887 840 3903 ——

584 3991 591 4018 ¹
611 3983 684 4051 Voy.
697 3983 723 4036 J.
739 3983 866 4045 Henulu,
879 4000 956 4035 ottvr.
969 3984 1027 4043 citt,
1041 4000 1068 4049 p.
1084 3998 1125 4035 21.
1699 3988 1703 3996 '
1721 3968 1817 4054 36

583 4078 592 4105 ²
613 4070 668 4121 Cui
678 4069 797 4120 ecclesiae
808 4086 852 4120 scu
866 4068 957 4136 templi
967 4086 1034 4119 cura
1046 4069 1186 4122 incumbit.
1200 4070 1245 4122 Du
1258 4070 1372 4125 CANGE.

582 4162 593 4201 ³
612 4154 666 4208 Sur
684 4155 709 4207 la
728 4155 873 4208 fondation
891 4156 928 4207 du
947 4155 1060 4222 prieurs
1072 4156 1107 4207 de
1120 4156 1257 4220 Mirwart,
1276 4173 1341 4225 roy.
1360 4158 1386 4209 la
1405 4158 1565 4226 Clarumque,
1582 4169 1692 4213 notam-

550 4252 626 4293 ment
638 4258 678 4294 cc.
691 4245 723 4305 48
735 4251 764 4294 et
776 4243 817 4295 88.

581 4337 593 4371 ⁴
611 4329 665 4379 Sur
677 4329 702 4380 la
716 4328 861 4380 londation
872 4330 909 4380 du
923 4328 1034 4395 prieurs
1051 4329 1085 4380 de
1099 4328 1233 4380 Bouillon
1249 4328 1468 4398 (Luxembourg,
1486 4329 1693 4398 Neulchateau,

551 4414 681 4466 chef-lieu
694 4416 729 4466 de
741 4420 863 4476 canton),
877 4432 942 4482 voy.
957 4416 983 4466 la
998 4413 1158 4483 Chrom'que,
1172 4431 1196 4466 c.
1209 4429 1238 4479 23
1252 4424 1281 4466 et
1292 4416 1364 4469 suiv.
1724 4427 1783 4495 35

585 4506 593 4542 -‘
614 4500 733 4567 L'eglise
744 4499 891 4562 abbatiale,
905 4500 1004 4552 dediee
1015 4503 1029 4551 it
1042 4502 1113 4552 saint
1128 4500 1224 4551 Pierre
1236 4512 1262 4552 et
1275 4505 1290 4551 a
1302 4503 1375 4552 saint
1388 4501 1510 4554 Hubert.

583 4589 595 4619 ⁰
612 4585 664 4635 Cet
677 4586 801 4652 dpisode,
815 4586 1029 4652 probablement
1040 4603 1076 4639 en
1088 4599 1156 4639 note
1167 4588 1236 4639 dans
1248 4588 1396 4657 l'original,
1408 4598 1502 4656 rompt
1514 4588 1695 4645 maladroite·

551 4680 628 4722 ment
645 4671 672 4722 le
689 4681 775 4733 texte,
799 4688 909 4723 commo
926 4673 953 4724 le
970 4689 1078 4741 prouve
1095 4675 1249 4727 cidessous
1268 4674 1422 4726 l'accusatii
1437 4692 1443 4726 :
1462 4674 1640 4729 &nabulum
1664 4679 1696 4731 de

550 4760 670 4809 artat-ima
695 4766 865 4829 paupcrrnte,
899 4761 1057 4828 dependant
1087 4762 1313 4814 manifestement
1339 4763 1376 4814 du
1406 4763 1491 4815 verbe
1518 4764 1657 4818 cidessus
1685 4783 1693 4819 a

549 4847 701 4898 Enutrirtt.
1722 4873 1754 4920 ⁴⁰
