4450 6125
571 841 649 925 158
773 845 1085 926 cantatorium
1116 850 1208 926 sine
1244 844 1495 926 Chronicon

560 1137 727 1200 municati
744 1137 816 1200 sine
831 1137 1008 1220 legitima⁸
1023 1137 1186 1200 electione
1201 1147 1234 1201 et
1249 1144 1348 1218 pacta
1365 1138 1510 1218 pecunia
1529 1138 1710 1222 episcopa·

558 1250 635 1302 tum
655 1239 868 1319 arripuisset,
890 1239 983 1320 quod
1004 1257 1040 1301 se
1060 1238 1108 1302 sic
1128 1239 1236 1318 ejecto
1255 1246 1289 1300 et
1310 1238 1535 1302 Guolbodone
1556 1241 1708 1321 reposito

555 1339 725 1421 justitiam
751 1340 976 1420 prodidisset,
1005 1340 1096 1422 quod
1128 1338 1302 1402 abbatiam
1332 1338 1568 1402 Florinensem
1596 1340 1706 1405 Gisle·

556 1443 653 1504 berto
676 1441 885 1504 Hasteriensi
908 1440 1094 1523 preposito,
1117 1450 1150 1503 et
1174 1439 1395 1503 Broniensem
1416 1439 1556 1502 cuidam
1580 1440 1705 1508 Guire-

554 1545 687 1606 mundo
702 1542 818 1606 Sancti
833 1542 948 1623 Jacobi
970 1542 1140 1604 monacho
1160 1548 1275 1604 taxato
1296 1539 1430 1620 publice
1451 1540 1566 1621 precio
1580 1545 1702 1609 vendi·

552 1646 658 1708 disset
673 1645 694 1720 ¹,
717 1645 809 1726 quod
831 1645 999 1707 hactenus
1020 1643 1165 1705 liberam
1181 1649 1215 1704 et
1229 1640 1414 1723 gloriosam
1429 1641 1579 1706 Sancte‘
1593 1644 1704 1711 Marie

552 1747 737 1828 Sanctique
750 1744 926 1808 lamberti
937 1742 1113 1806 ecclesiam
1129 1743 1176 1805 sic
1190 1740 1371 1817 infecisset,
1385 1749 1518 1804 tantam
1533 1744 1704 1811 adversus

551 1849 738 1912 Otbertum
767 1846 945 1910 suscitavit
972 1863 1094 1908 eorum
1123 1842 1416 1926 indignationem,
1449 1854 1488 1908 ut
1518 1849 1699 1912 communi

550 1968 720 2014 consensu
752 1949 850 2030 quasi
882 1947 1183 2009 excommunicato
1217 1943 1439 2026 probabiliter
1470 1963 1539 2008 non
1571 1949 1700 2012 amodo

548 2050 882 2114 communicandum
916 2057 1104 2110 censerent.
1140 2047 1188 2108 Ad
1224 2047 1285 2107 hec
1321 2045 1533 2128 Berengerus
1569 2048 1697 2113 timens
1726 2070 1735 2105 ι

548 2151 660 2212 eidem
682 2148 817 2210 ecclesie
841 2165 903 2226 pro
926 2146 1079 2227 periculo
1100 2146 1283 2225 temporis,
1306 2144 1415 2224 ipsius
1435 2145 1540 2208 etiam
1561 2149 1698 2212 abbatis

548 2257 739 2314 retractans
770 2246 1029 2326 simplicitatem
1061 2243 1327 2307 insufficientem
1359 2245 1439 2307 huic
1465 2253 1559 2308 tante
1583 2246 1699 2312 defen·

546 2351 647 2424 sioni,
685 2347 865 2426 subiunxit
904 2346 1079 2409 neminem
1116 2345 1303 2427 inquinari,
1342 2345 1405 2408 nisi
1445 2364 1485 2408 ex
1524 2365 1695 2413 consensu

549 2453 692 2526 mentis;
717 2468 752 2513 se
777 2448 920 2531 quidem
947 2447 1114 2510 violenter
1142 2446 1337 2526 expulsum,
1361 2455 1395 2509 et
1419 2448 1496 2511 ideo
1520 2449 1605 2512 alias
1630 2451 1695 2515 sibi

544 2553 793 2624 secedendum
810 2549 875 2630 ipsi
891 2566 971 2611 cum
989 2564 1070 2628 pace
1085 2547 1149 2627 [in]
1163 2547 1237 2609 loco
1254 2564 1317 2609 suo
1339 2547 1559 2627 persisterent
1582 2568 1695 2635 neque
1724 2574 1731 2610 1

546 2653 744 2717 inimicitias
770 2662 899 2713 temere
928 2649 1060 2730 aliquas
1086 2650 1120 2709 in
1148 2666 1182 2710 se
1207 2648 1423 2725 suscitarent,
1452 2652 1601 2713 eumad
1628 2653 1693 2717 hoc

546 2773 648 2818 nemo
663 2772 720 2814 eos
735 2752 848 2813 adhuc
863 2748 1071 2829 impelleret;
1085 2759 1243 2810 caverent
1255 2749 1397 2811 omnino
1412 2767 1453 2812 ne
1464 2749 1694 2816 inconsultius

546 2855 611 2919 tole
634 2853 717 2934 quid
741 2851 943 2930 inciperent,
960 2849 1052 2929 quod
1074 2848 1285 2929 quandoque
1306 2850 1355 2912 eis
1372 2850 1538 2930 incepisse
1559 2854 1691 2933 penite·

544 2967 596 3019 rot
607 2957 629 3017 ².
650 2952 838 3030 Respondit
858 2950 964 3011 abbas
984 2964 1019 3008 se
1038 2964 1177 3028 quoque
1198 2948 1250 3010 sui
1270 2961 1304 3012 et
1318 2968 1462 3013 suorum
1476 2969 1549 3015 esse
1567 2953 1691 3018 sollici·

542 3067 633 3129 tum,
650 3051 753 3115 malle
767 3069 803 3112 se
818 3047 1003 3111 Otbertum
1018 3045 1190 3110 offendere
1204 3068 1311 3131 quam
1329 3051 1448 3127 Deum,
1465 3052 1493 3115 si
1509 3053 1587 3134 quis
1602 3067 1691 3121 esset
1717 3073 1736 3110 a

544 3153 706 3220 Domini⁶
722 3157 958 3233 perseveraret
979 3146 1021 3221 ei,
1039 3147 1092 3209 vel
1106 3146 1144 3208 in
1165 3148 1239 3214 loco
1261 3153 1455 3231 persistens,
1477 3155 1531 3217 vel
1552 3156 1690 3220 deloco

541 3275 658 3322 secum
680 3253 808 3316 exiens.
834 3248 985 3310 Firmato
1008 3248 1116 3329 igitur
1137 3252 1370 3316 communiter
1391 3252 1591 3333 hujusmodi
1613 3275 1690 3321 sen-

542 3358 660 3430 tenda,
671 3348 903 3416 Theodericus
915 3358 1094 3428 assumpto
1105 3367 1222 3412 secum
1237 3352 1428 3435 Berengero
1439 3356 1576 3419 secessit
1584 3357 1611 3420 F
1613 3375 1689 3422 ran·

573 3568 599 3600 a.
619 3544 752 3612 legetima
764 3544 801 3593 Α.
817 3569 848 3579 -
866 3540 889 3592 b.
908 3543 996 3593 sancti
1007 3542 1045 3594 A.
1058 3571 1091 3582 -
1110 3561 1133 3594 e.
1155 3545 1258 3612 Consus
1272 3548 1341 3598 dans
1357 3548 1394 3601 A.

544 3709 837 3724 ‘unu—-

575 3858 582 3884 ¹
603 3847 643 3899 La
655 3855 741 3897 vente
753 3860 803 3911 par
814 3845 919 3897 Otbert
930 3847 979 3898 des
990 3847 1112 3916 abbayes
1123 3849 1159 3901 de
1172 3849 1194 3901 F
1196 3850 1336 3914 lorennes,
1349 3853 1469 3923 Brogne,
1484 3853 1684 3922 &int-Troiad,
1713 3869 1736 3922 25

540 3930 768 3992 §aiot-laurent,
782 3929 985 3984 saint-Hubert
997 3941 1039 3984 est
1052 3933 1149 4000 l'objet
1162 3935 1229 3988 d'un
1241 3937 1309 4006 long
1319 3938 1559 4007 developpement
1569 3943 1640 3996 dans
1656 3943 1684 3998 le

540 4020 637 4072 Poime
646 4033 697 4068 sur
708 4016 744 4066 les
755 4016 892 4068 niallreurs
905 4018 936 4067 de
946 4018 1043 4085 I'iglise
1055 4021 1085 4070 de
1096 4020 1186 4088 Liige,
1207 4023 1353 4087 Caucms,
1372 4042 1448 4079 creor.
1460 4028 1520 4084 cili,
1542 4035 1570 4079 2·
1580 4031 1682 4097 partie,

540 4121 588 4172 pp.
607 4102 636 4154 61
657 4109 687 4153 et
705 4102 778 4153 suiv.
799 4101 871 4169 Voy.
890 4105 964 4154 aussi
985 4103 1010 4155 la
1032 4104 1116 4158 lettre
1133 4108 1169 4159 de
1186 4107 1309 4178 Thierry
1327 4110 1353 4162 ll
1371 4114 1387 4162 a
1407 4111 1514 4180 l'eglise
1530 4113 1567 4167 de
1585 4115 1682 4187 Liige,

538 4190 703 4249 cidessom,
728 4203 752 4239 c.
777 4190 805 4239 ar
829 4189 909 4256 (roo)
932 4207 938 4241 :
962 4207 1024 4241 cum
1048 4193 1162 4244 viderem
1184 4211 1227 4246 res
1249 4196 1369 4248 aliarum
1391 4198 1563 4253 ecclesiarum
1585 4219 1604 4254 a
1626 4206 1684 4256 seri

538 4272 707 4342 emptoribus,
727 4273 860 4325 horeste
881 4275 1038 4333 Wolbodone,
1059 4278 1223 4346 Leupodonc,
1248 4282 1398 4341 Gisleberic,
1421 4284 1597 4340 Warimendo
1614 4290 1683 4342 male
1709 4303 1736 4353 30

538 4362 631 4428 diripi,
653 4366 679 4410 ei
699 4362 726 4409 in
744 4363 865 4428 precium
886 4364 1030 4414 simoniace
1049 4382 1096 4415 sue
1117 4367 1267 4418 venalitatis
1284 4372 1396 4438 pessime
1414 4371 1531 4423 distrahi
1549 4403 1582 4412 -
1594 4403 1627 4415 -
1639 4405 1680 4432 -.

538 4447 597 4499 Cir.
614 4448 772 4509 Bruuius,
786 4448 953 4500 Monasricon
965 4450 1043 4518 belgi,
1060 4462 1081 4505 t.
1096 4452 1118 4515 l,
1132 4470 1179 4521 pp.
1193 4456 1218 4515 8,
1233 4467 1274 4517 31,
1289 4470 1333 4508 211
1349 4465 1377 4508 et
1389 4458 1460 4509 suiv.

572 4542 581 4568 ²
601 4532 858 4599 L'argumentation
877 4536 912 4587 de
933 4536 1074 4607 Berenger
1093 4549 1136 4591 est
1156 4542 1328 4607 impeccable
1345 4555 1373 4596 et
1392 4544 1448 4596 l'on
1463 4545 1525 4598 doit
1541 4557 1680 4618 regretter

537 4617 640 4686 qu'elle
658 4618 724 4669 n'ait
742 4635 791 4686 pas
808 4622 934 4686 prevalu.
955 4623 994 4675 la
1012 4625 1218 4691 complaisanoe
1232 4644 1300 4681 avec
1314 4629 1436 4698 laquelle
1447 4630 1474 4682 le
1485 4633 1678 4702 chroniqueur

537 4705 563 4756 la
582 4715 715 4771 rapporte
732 4719 840 4772 [mrmct
858 4708 893 4759 de
910 4725 1047 4776 supposer
1059 4727 1115 4778 que
1127 4712 1270 4766 lui-meme
1282 4732 1300 4784 y
1312 4717 1425 4769 adhere.
1438 4715 1485 4769 On
1498 4733 1676 4789 remarquen
1702 4725 1736 4780 3!

538 4801 670 4858 pourtant
688 4793 755 4859 qu'il
774 4809 809 4845 ne
828 4794 949 4848 formula
965 4814 1056 4850 aucun
1076 4799 1194 4851 blitmeit
1210 4800 1313 4870 l'egard
1326 4804 1361 4856 de
1373 4804 1494 4872 'l'hierry
1507 4805 1545 4869 11,
1563 4807 1634 4861 dont
1650 4808 1676 4862 le

538 4888 594 4929 tort
607 4879 755 4945 principal
770 4880 833 4932 bien
846 4883 1005 4946 excusablc,
1018 4883 1059 4936 lut
1071 4886 1106 4937 de
1120 4886 1227 4939 n'avoir
1238 4893 1325 4956 guero
1337 4890 1425 4957 prevu
1438 4889 1567 4948 l'avenir.
