4450 6125
834 859 988 941 Sancti
1019 857 1228 940 Habenti.

473 1162 608 1234 abbate,
620 1159 681 1240 qui
696 1174 773 1220 eam
789 1156 955 1218 reducens
968 1154 1003 1216 in
1017 1172 1077 1216 sua
1088 1155 1269 1218 constituit
1280 1153 1472 1218 securitate,
1486 1159 1616 1221 Abraso

475 1272 592 1327 autem
616 1265 761 1341 argento
784 1256 876 1338 quod
903 1256 938 1316 in
963 1256 1101 1317 ecclesia
1127 1257 1274 1319 inveniri
1298 1257 1420 1337 potuit,
1443 1260 1615 1340 octoginta

475 1364 637 1428 marchas
646 1377 762 1423 secum
778 1356 932 1420 deserens
947 1358 1053 1418 abbas
1069 1357 1189 1419 Fossas
1209 1359 1315 1433 venit,
1338 1359 1521 1422 ducentis·
1542 1362 1618 1423 aliis

476 1484 537 1548 per
553 1463 778 1527 Lambertum
792 1459 959 1536 majorem
974 1468 1007 1520 ct
1030 1457 1282 1521 Theodericum
1302 1460 1518 1539 prepositum
1540 1480 1617 1540 pro-

435 1586 449 1641 ς
478 1564 608 1631 curatis
633 1562 725 1642 apud
758 1568 965 1621 mercatores
993 1568 1026 1619 et
1053 1558 1193 1620 clericos
1228 1558 1443 1633 leodienses,
1474 1562 1619 1626 vadibus

477 1661 653 1745 depositis.
686 1658 916 1723 Conveniente
938 1658 1044 1738 igitur
1066 1658 1239 1720 comitissa
1263 1659 1424 1721 Richelde
1445 1679 1524 1724 cum
1549 1661 1620 1725 filio

476 1785 540 1832 suo
556 1761 727 1827 Balduino
741 1761 762 1835 ¹,
779 1768 939 1821 renovata
957 1769 1007 1820 est
1029 1777 1144 1822 coram
1166 1760 1325 1838 episcopo
1346 1774 1379 1821 et
1402 1762 1487 1824 duce
1509 1763 1618 1825 Gode·

476 1867 566 1931 frido
579 1862 762 1927 conventio
774 1860 929 1923 condicta
941 1860 983 1920 de
995 1860 1188 1923 Caviniaco.
1202 1860 1311 1938 Cujus
1326 1862 1430 1941 precii
1442 1881 1619 1926 summam

478 1986 560 2033 cum
588 1964 769 2046 episcopus
797 1961 1022 2023 contraxisset
1049 1961 1091 2022 ad
1124 1964 1282 2023 marchas
1308 1972 1476 2025 trecentas
1505 1977 1620 2042 preter

421 2094 451 2131 ιο
477 2068 712 2149 septingentas
727 2063 750 2135 ',
766 2079 852 2145 quas
867 2062 948 2123 olim
965 2062 1070 2123 abbas
1086 2062 1120 2121 in
1135 2064 1277 2124 vadium
1294 2077 1560 2143 superposuerat
1575 2068 1618 2139 ei,

479 2180 680 2234 matercum
698 2164 770 2227 filio
790 2164 906 2244 ipsum
930 2162 1051 2226 fiscum
1067 2174 1236 2242 perpetuo
1259 2164 1457 2227 habendum
1479 2168 1620 2230 ecclesie

477 2269 567 2334 beati
585 2267 675 2330 Petri
691 2277 723 2329 et
738 2264 825 2326 beati
839 2263 983 2326 liuberti
996 2281 1058 2343 per
1069 2263 1232 2343 cespitem
1244 2274 1278 2325 et
1291 2282 1429 2327 ramum
1442 2257 1454 2292 ³
1465 2267 1619 2344 ejusdem

475 2369 594 2435 allodii
611 2368 765 2450 legaliter
780 2366 815 2427 in
837 2382 960 2426 manus
981 2365 1130 2443 episcopi
1147 2374 1181 2426 et
1201 2366 1344 2436 abbatis,
1365 2366 1462 2428 ducis
1481 2386 1619 2449 quoque

478 2468 666 2540 Godesridi,
694 2463 939 2529 ecclesiastici⁶
964 2464 1121 2526 advocati
1136 2465 1159 2538 ⁴,
1186 2465 1405 2538 contradidit,
1429 2477 1462 2528 et
1484 2468 1620 2546 publica

421 2596 450 2647 ις
478 2570 654 2634 audientia
683 2567 747 2630 sibi
777 2584 857 2628 eum
886 2577 918 2627 et
947 2565 1141 2646 quibusque
1170 2565 1352 2628 heredibus
1378 2567 1449 2628 suis
1476 2579 1620 2649 uterque

479 2671 635 2734 funditus
659 2666 842 2745 abjuravit.
868 2666 1009 2727 Etcum
1032 2665 1066 2725 in
1089 2666 1279 2726 exolvendo
1297 2679 1308 2703 ι·
1326 2680 1467 2742 argento
1489 2668 1622 2731 videret

478 2771 660 2852 episcopus
675 2767 797 2849 viginti
814 2768 972 2829 marchas
990 2767 1117 2839 deesse,
1137 2766 1207 2827 duo
1229 2769 1433 2829 candelabra
1452 2786 1512 2830 sua
1534 2770 1621 2847 ejus·

479 2873 559 2935 dem
589 2870 749 2949 ponderis
773 2869 931 2946 deposuit
957 2866 1140 2938 comitisse,
1171 2886 1237 2947 que
1267 2879 1383 2947 postea
1411 2887 1451 2929 ex
1481 2872 1622 2949 proprio

481 2972 638 3043 redemit,
654 2971 780 3031 ductus
802 2985 918 3029 amore
940 2967 1087 3029 ecclesie.
1108 2967 1208 3028 Facta
1230 2979 1347 3030 autem
1367 2979 1400 3029 et
1418 2968 1621 3029 confirmata

419 3106 454 3144 ιο
479 3064 596 3138 carta⁵
619 3073 722 3150 hujus
744 3068 969 3150 coemptionis
990 3069 1025 3129 in
1049 3069 1183 3149 publica
1212 3072 1381 3149 presentia
1411 3070 1559 3149 episcopi
1588 3079 1622 3131 et

479 3176 588 3247 ducis,
605 3185 637 3235 et
653 3174 786 3253 signata
809 3172 953 3233 testibus
975 3171 1118 3241 idoneis,
1142 3172 1247 3231 abbas
1271 3171 1359 3231 letus
1380 3170 1421 3230 ad
1445 3171 1621 3232 ecclesiam

482 3277 595 3350 rediit,
618 3284 651 3336 et
678 3274 878 3336 vestituram
905 3272 1049 3352 legalem
1077 3289 1137 3351 per
1163 3289 1306 3332 manum
1332 3272 1431 3333 ducis
1457 3273 1622 3352 recipiens

481 3394 586 3458 super
600 3377 706 3438 altare
722 3374 810 3435 beati
832 3373 936 3444 Petri,
958 3372 1181 3434 Caviniacum
1203 3379 1314 3433 totum
1338 3390 1417 3433 cum
1441 3370 1570 3434 familia
1590 3385 1622 3435 et

481 3479 643 3542 omnibus
658 3474 875 3557 acquestibus
890 3484 924 3534 et
939 3473 1147 3553 appenditiis
1164 3474 1245 3543 suis
1262 3484 1300 3534 ut
1322 3475 1501 3553 proprium
1518 3494 1622 3536 suum

422 3663 454 3714 ²5
515 3659 542 3695 a.
558 3639 691 3691 trecentis
703 3638 726 3687 A
740 3655 749 3690 ,·
762 3635 787 3685 lu
800 3638 943 3685 correction
961 3634 1058 3684 ritulis
1069 3634 1104 3683 du
1118 3643 1243 3687 conterit,
1260 3651 1315 3700 rur.
1328 3635 1467 3685 ci-dtmcus
1484 3653 1493 3683 .·
1506 3634 1539 3685 ael
1555 3650 1624 3684 mar-

482 3730 548 3780 chas
561 3736 708 3777 trecentas.
724 3753 754 3761 -
773 3721 795 3774 l.
814 3722 995 3772 ecclesiastici
1009 3721 1044 3769 A.
1062 3749 1085 3755 —
1103 3737 1126 3771 r.
1139 3720 1289 3769 excire-ndu
1302 3722 1337 3770 ,1.

517 3969 524 3998 ¹
545 3961 673 4013 Bauduin
692 3961 728 4021 11,
747 3971 840 4012 comte
859 3961 893 4011 de
913 3960 1047 4019 Hainaut,
1066 3961 1170 4025 epousa
1190 3959 1236 4009 ida
1253 3960 1288 4010 de
1308 3960 1450 4019 l.ouvain;
1472 3962 1490 4010 il
1510 3975 1623 4013 mourut

481 4048 976 4115 en1098.Voy.l'.sx1›sa1<1s1›uus‚
999 4045 1136 4096 Gislclcrn
1157 4046 1305 4095 t‘lirnm'cnn
1325 4047 1507 4104 Huncm'ensc,
1523 4065 1548 4113 p,
1566 4063 1622 4112 35²·

517 4144 526 4170 ¹
546 4134 585 4187 La
600 4134 760 4201 Chroniqur,
774 4134 916 4188 cidessus,
931 4149 959 4198 p.
973 4134 1014 4189 68,
1029 4134 1068 4182 dil
1085 4148 1090 4182 :
1105 4136 1259 4199 quingentos·
1272 4132 1399 4182 bizantios
1410 4138 1483 4182 nuri.

423 4244 457 4294 30
517 4229 527 4267 3
545 4221 600 4272 Per
611 4224 731 4290 cespitem
743 4230 767 4270 ct
779 4237 898 4279 ramum,
913 4236 962 4285 par
975 4220 999 4269 la
1014 4230 1102 4269 morte
1115 4231 1142 4269 et
1156 4219 1180 4269 la
1195 4219 1325 4270 branehe.
1341 4220 1395 4268 Sur
1407 4236 1438 4269 ce
1453 4221 1534 4270 mode
1552 4237 1625 4286 syrri-

484 4309 597 4375 bolique
610 4309 645 4359 de
662 4308 855 4359 transmission
875 4306 909 4357 de
929 4306 953 4356 la
973 4306 1126 4371 prophete,
1142 4321 1207 4371 roy.
1225 4307 1265 4355 lle·
1279 4306 1393 4366 (laxos,
1409 4315 1435 4353 ιο
1449 4305 1624 4360 lnresn'turn.

516 4404 528 4437 ⁴
545 4395 638 4446 Avant
651 4392 806 4445 Godelroid
819 4394 854 4443 de
873 4391 1017 4451 iluuillun,
1031 4407 1080 4441 sun
1100 4390 1182 4441 oncle
1200 4389 1355 4441 (iodelroid
1374 4390 1400 4440 le
1419 4389 1508 4440 Bossu
1527 4401 1553 4440 et
1573 4407 1624 4442 son

482 4481 673 4550 grandoncle,
684 4479 839 4531 Godeiroid
854 4479 879 4529 le
895 4478 995 4538 barbo,
1006 4479 1117 4528 avaient
1131 4478 1176 4528 ete
1188 4478 1293 4528 avoues
1305 4477 1339 4527 de
1352 4476 1522 4543 l'abbayede
1535 4476 1625 4528 Saint-

485 4568 606 4621 Hubert.
622 4568 699 4619 Nous
716 4582 804 4619 avons
817 4583 853 4617 vu
871 4582 902 4616 ce
919 4566 1033 4615 dernier
1050 4565 1216 4623 intervenit,
1230 4567 1245 4613 a
1257 4579 1289 4613 ce
1302 4573 1378 4622 utre,
1391 4562 1460 4613 dans
1473 4562 1499 4613 la
1511 4575 1625 4614 contes-

425 4677 454 4728 35
484 4657 572 4707 ration
585 4656 719 4708 soulevee
732 4671 781 4720 pau
794 4654 902 4704 l’avoue
916 4654 967 4717 (ou
982 4652 1075 4718 plutot
1090 4651 1116 4701 le
1135 4651 1317 4715 sous-avone)
1331 4649 1466 4711 Thibaut,
1479 4651 1623 4710 cidessus,

483 4758 530 4809 pp.
554 4757 584 4807 53
607 4755 634 4793 et
660 4744 732 4792 suiv.
758 4741 829 4806 l'ny.
851 4756 885 4789 au
907 4739 1021 4805 surplus
1040 4752 1077 4788 ns:
1098 4737 1240 4790 Rousu'tx
1262 4738 1622 4799 1›s50ruor,‹›um.nn,

484 4845 530 4895 pp.
547 4832 593 4895 198
604 4841 632 4880 et
646 4830 718 4880 suiv.
733 4836 761 4890 4⁰
773 4829 859 4893 partie
873 4845 882 4875 :
904 4827 933 4875 de
946 4825 1087 4875 l'cruuerr'c
1101 4826 1131 4874 ce
1145 4822 1344 4874 Sirini-llum
1359 4832 1383 4871 et
1395 4823 1437 4871 des
1449 4825 1583 4887 ςήμαινε
1595 4823 1625 4871 dc

483 4916 620 4968 Miranti.

516 5011 525 5048 5
543 5004 626 5055 (lette
638 5005 735 5055 charte
747 5012 789 5054 est
801 5003 941 5068 disparue,
956 5016 1022 5067 νος.
1037 4999 1072 5051 (i.
1089 4998 1370 5059 Knarrr,nu1›r.citt,
1386 5008 1404 5044 r.
1420 4995 1441 5053 l,
1456 5012 1482 5061 p.
1499 5010 1538 5060 57.

1535 5078 1547 5103 ἢ
