4450 6125
896 874 1051 956 Sancti
1080 873 1290 956 Habenti.
1440 925 1446 936 -
1601 901 1668 980 ¹7¹

533 1169 669 1232 dericus
702 1169 836 1232 studuit
870 1170 1045 1241 interesse,
1079 1172 1201 1232 abbate
1239 1171 1439 1249 uerengem,
1477 1169 1673 1244 Lamberto,
1723 1199 1794 1251 ¹09³.

536 1271 689 1344 Wiredo,
706 1271 856 1335 Roberto
870 1271 1065 1346 comitatus,
1086 1289 1150 1351 pro
1164 1289 1199 1333 se
1214 1272 1352 1352 suisque
1371 1271 1523 1351 legatum
1538 1270 1674 1333 ecclesie
1698 1264 1728 1314 ²7
1741 1268 1822 1304 ΠΜ·

537 1372 688 1435 Romane
707 1370 1000 1450 interpellaturus.
1023 1370 1132 1450 Cujus
1150 1388 1289 1433 causam
1309 1388 1390 1432 eum
1410 1371 1675 1450 suggerentibus

536 1473 691 1552 predicto
711 1473 879 1553 Jeronta⁴
903 1473 1024 1534 abbate
1052 1471 1247 1533 Divionensi
1276 1480 1311 1533 et
1339 1471 1525 1549 Radulpho
1553 1471 1676 1533 abbate

492 1591 506 1642 s
534 1574 741 1637 Virduuensi
753 1574 775 1649 ¹,
792 1575 942 1635 domnus
958 1573 1058 1655 Hugo
1074 1573 1229 1636 Romane
1246 1573 1383 1635 ecclesie
1399 1572 1532 1654 legatus
1552 1591 1674 1653 appro

535 1677 656 1749 basset,
680 1684 713 1737 et
735 1675 771 1736 in
794 1685 965 1737 conventu
987 1674 1230 1753 episcoporum
1251 1674 1396 1734 relatam
1418 1673 1572 1736 laudaret
1596 1693 1672 1737 eam

531 1777 735 1838 auctoritate
759 1793 832 1849 sua,
858 1794 899 1837 ex
928 1774 1039 1837 firmis
1064 1773 1261 1836 firmioresl
1287 1773 1448 1847 reddidit,
1474 1773 1671 1835 beatificans

530 1876 706 1939 ecclesiam
720 1878 818 1955 cuius
832 1885 931 1938 erant
945 1876 1029 1937 tales
1044 1875 1118 1947 filii,
1130 1875 1190 1955 qui
1206 1874 1442 1937 deficientibus
1455 1874 1532 1935 aliis
1547 1875 1670 1952 persis-

531 1987 640 2041 terent
651 1979 815 2040 catholice
826 1986 860 2040 et
870 1977 1052 2057 apostolice
1064 1975 1157 2050 fidei,
1169 1987 1203 2038 et
1218 1976 1423 2056 promittens
1437 1975 1485 2037 eis
1500 1975 1669 2037 auxilium

474 2094 504 2130 10
532 2068 682 2141 Romane
704 2079 839 2140 ecclesie
860 2087 894 2139 et
916 2095 976 2139 sue
998 2076 1189 2157 legationis,
1207 2092 1248 2136 ne
1264 2074 1409 2136 Otberto
1422 2074 1601 2136 subessent
1614 2074 1669 2135 vel

528 2178 819 2241 communicarent
834 2178 977 2239 omniuo
990 2177 1178 2239 interdixit.

566 2383 623 2440 72.
641 2375 723 2455 (86.)
742 2377 906 2439 Otbertus
920 2378 1127 2439 amaricatus
1144 2377 1307 2438 relatione
1320 2386 1511 2458 gestorum,
1529 2388 1568 2437 ut
1583 2375 1667 2436 sole·

527 2477 594 2550 bat,
620 2478 748 2539 exarsit
771 2477 809 2550 iu
833 2477 895 2549 ira,
917 2487 950 2538 et
977 2477 1091 2555 sepius
1117 2476 1301 2556 complosis
1328 2476 1487 2538 manibus
1511 2474 1665 2556 seipsum

525 2579 701 2659 arguebat,
710 2579 762 2640 vel
771 2580 852 2660 quia
862 2578 967 2640 semel
979 2577 1019 2639 ad
1031 2595 1067 2639 se
1074 2577 1253 2657 compulso
1263 2576 1378 2639 abbati
1391 2594 1459 2638 non
1470 2575 1666 2638 extorsisset

465 2694 494 2745 ι5
526 2677 699 2741 licentiam
724 2677 868 2739 nocendi
897 2676 1053 2756 partibus
1078 2676 1161 2748 suis,
1187 2686 1302 2737 exacta
1327 2674 1394 2737 fide
1418 2675 1482 2737 sibi
1507 2675 1543 2737 in
1570 2675 1666 2738 nullo

524 2778 757 2852 dissentiendi,
774 2779 826 2840 vel
842 2777 933 2859 quod
949 2795 985 2839 se
999 2777 1112 2838 adhuc
1127 2777 1352 2839 continuisset
1366 2795 1434 2837 non
1449 2774 1666 2839 confudisse‘

525 2878 660 2956 penitus
674 2878 846 2941 ecclesiam
862 2879 910 2939 sie
924 2877 987 2939 sibi
1007 2877 1167 2938 rebellem
1190 2876 1305 2939 Sancti
1328 2877 1484 2948 Huberti,
1501 2876 1663 2939 fratribus

524 2980 602 3042 iude
614 2980 780 3042 violenter
794 2978 955 3057 expulsis.
983 2980 1049 3040 Nec
1074 2977 1134 3039 diu
1159 2987 1364 3056 conceptum
1388 2975 1541 3039 furorem
1565 2976 1663 3038 dissi·

526 3083 656 3145 mulare
671 3083 795 3162 potuit,
811 3082 1017 3163 collectaque
1041 3100 1148 3143 manu
1171 3080 1326 3153 militari,
1349 3081 1390 3141 ad
1414 3080 1662 3143 monasterium

460 3199 496 3237 20
512 3184 638 3245 *venire
650 3183 830 3263 disposuit,
845 3193 878 3244 et
888 3183 1083 3262 hospitatus
1094 3182 1239 3243 Nasanie
1247 3182 1268 3251 ²,
1279 3182 1419 3242 nuutios
1428 3183 1598 3243 adventus
1607 3182 1661 3243 sui

523 3284 680 3363 premisit
694 3285 735 3344 ad
752 3282 883 3357 iratres,
902 3294 939 3344 ut
959 3285 994 3344 in
1017 3283 1206 3344 crastinum
1221 3283 1251 3343 ei
1268 3284 1408 3343 honeste
1424 3282 1659 3361 procederent,

523 3395 566 3458 et,
575 3394 613 3447 ut
624 3384 775 3458 decebat,
784 3384 1007 3445 leodiensem
1018 3384 1218 3463 episcopum
1231 3382 1426 3444 venientem
1437 3382 1659 3461 susciperent,

522 3485 752 3548 comminatus
776 3485 1026 3546 vindicandum
1046 3484 1081 3544 in
1104 3502 1173 3556 eos,
1197 3484 1260 3544 nisi
1286 3484 1386 3545 solito
1413 3484 1608 3545 accuratius
1626 3496 1660 3547 et

523 3585 708 3647 solemnius
742 3586 775 3646 id
812 3595 963 3667 agerent.
1005 3585 1184 3647 Premissis
1215 3586 1471 3664 apparitoribus
1505 3593 1539 3646 et
1570 3586 1658 3647 hanc

462 3776 494 3829 25
553 3783 579 3817 a.
596 3765 785 3818 JheruntaA.
798 3794 831 3803 -
848 3764 871 3815 l.
892 3762 1063 3816 firmioribus
1075 3764 1112 3814 A.
1127 3792 1158 3800 —
1176 3779 1198 3812 c.
1218 3762 1397 3815 confundisse
1409 3764 1446 3814 A.

552 4056 559 4083 ¹
579 4047 681 4113 Raoul,
703 4049 774 4101 abbe
795 4050 830 4101 de
850 4049 1039 4101 Salat-Vanae
1059 4053 1074 4101 a
1092 4049 1219 4111 Verdun,
1241 4065 1314 4101 nous
1333 4058 1375 4101 est
1396 4048 1656 4117 particulierement

518 4150 610 4187 connu
627 4150 677 4202 par
692 4133 818 4186 Hunuas
831 4148 870 4185 nn:
883 4135 1045 4197 Fuxvtsxr,
1061 4135 1222 4203 chronique,
1237 4134 1351 4197 MGH,
1366 4134 1428 4196 SS.,
1443 4145 1464 4186 t.
1478 4134 1556 4187 VIII.
1575 4134 1656 4186 Nuus

518 4238 535 4288 y
548 4221 635 4273 lisons
646 4236 710 4288 que,
729 4224 745 4271 a
759 4222 852 4273 raison
870 4222 905 4272 de
922 4237 966 4272 ses
983 4224 1107 4272 attaches
1125 4222 1335 4289 gregorienues,
1349 4222 1369 4272 il
1381 4223 1432 4273 dut
1444 4224 1551 4289 quitter
1566 4222 1656 4275 Saint-

518 4308 615 4359 Vanne
637 4323 673 4359 en
697 4309 758 4372 1085
780 4317 859 4359 etse
880 4307 1036 4376 refugiera
1057 4306 1273 4374 Dijon,aupres
1296 4308 1331 4358 de
1353 4309 1499 4370 Jareuton,
1524 4325 1591 4361 avec
1611 4325 1655 4361 ses

463 4404 494 4455 30
519 4396 626 4447 moines
638 4393 744 4456 fideles,
754 4403 835 4446 entre
846 4404 941 4445 autres
951 4393 1068 4462 Hugues
1077 4394 1229 4446 lui-meme.
1242 4392 1265 4444 ll
1273 4410 1311 4446 ne
1320 4404 1414 4446 rentra
1422 4398 1438 4446 a
1446 4395 1562 4447 Verdun
1571 4398 1655 4465 qu'en

521 4494 592 4546 1092,
610 4496 677 4533 sous
694 4481 857 4548 l'episcopat
874 4481 909 4531 de
928 4479 1042 4543 Richcr‚
1061 4495 1223 4532 successeur
1240 4481 1276 4532 de
1288 4480 1410 4549 Thierry
1423 4481 1482 4549 (ῃ
1496 4484 1550 4534 mai
1565 4484 1653 4553 1089).
1758 4517 1760 4520 -

518 4566 672 4619 L'abbatiat
683 4567 718 4619 de
731 4566 823 4619 Raoul
836 4566 942 4618 s'etend
954 4568 990 4619 de
1004 4566 1067 4632 1076
1078 4570 1093 4617 a
1106 4581 1178 4633 1099,
1189 4568 1253 4619 date
1265 4568 1300 4618 de
1313 4584 1341 4619 sa
1355 4577 1439 4621 mort.
1450 4568 1491 4621 Le
1500 4569 1652 4638 Nicrologe,

517 4654 661 4722 reproduit
681 4670 732 4722 par
751 4654 869 4722 Hugues
889 4655 924 4706 de
945 4654 1092 4723 Flavigny,
1110 4654 1206 4707 donne
1223 4671 1334 4708 comme
1349 4657 1414 4724 jour
1431 4658 1466 4709 de
1483 4666 1558 4710 cette
1578 4670 1653 4711 mort

516 4740 542 4791 le
554 4742 585 4791 28
598 4755 680 4803 mars,
690 4753 710 4805 5
721 4740 773 4791 kal.
784 4739 865 4807 april.
881 4740 920 4792 La
935 4740 1087 4809 chronique
1097 4741 1246 4810 d'Hugues
1258 4759 1390 4795 consacre
1401 4747 1416 4795 a
1427 4754 1470 4797 cet
1482 4746 1652 4800 evenement

459 4834 490 4888 35
516 4842 554 4878 un
565 4827 632 4895 long
644 4844 773 4881 morceau
785 4829 862 4894 plein
875 4828 1015 4890 d'interet,
1029 4845 1076 4895 pp.
1091 4843 1210 4895 497-502.

539 4920 557 4954 ·¹
575 4912 720 4982 Nassogue
732 4913 959 4982 (Luxembourg,
973 4914 1098 4977 Marone,
1111 4914 1243 4967 chel-lieu
1256 4915 1291 4968 de
1303 4919 1431 4983 canton).
