4450 6125
505 771 559 854 36
710 772 1022 853 Cantatorium
1052 777 1146 853 sive
1180 772 1430 891 Chronioon

503 1068 632 1128 domno
645 1067 851 1129 Gisleberto¹
865 1068 997 1129 noviter
1011 1068 1241 1147 conscriptam
1255 1066 1467 1130 llelinandus
1481 1060 1645 1145 pontifex,

503 1183 584 1228 curn
595 1165 740 1247 Josfrido
757 1167 956 1229 Parisicensi
972 1168 1131 1249 episcopo
1142 1168 1153 1194 ²
1166 1168 1309 1230 Colonia
1325 1168 1461 1229 rediens
1474 1176 1509 1229 et
1524 1164 1568 1228 ad
1585 1180 1646 1226 nos

504 1268 689 1340 divertens,
706 1269 792 1331 vidit
803 1277 848 1344 et,
866 1269 1089 1332 laudantibus
1103 1289 1180 1333 eam
1194 1271 1324 1332 clericis
1339 1269 1421 1343 suis,
1434 1265 1644 1347 concupivit,

504 1370 735 1451 donatamque
747 1371 811 1431 sibi
827 1371 861 1430 in
873 1371 988 1451 gracia
1003 1371 1158 1449 specialis
1173 1383 1205 1433 et
1217 1381 1381 1451 perpetue
1396 1368 1546 1431 amicitie
1558 1368 1647 1429 inter

412 1538 422 1554 „
504 1470 682 1532 ecclesiam
698 1471 964 1533 laudunensem
983 1483 1016 1534 et
1033 1483 1186 1534 nostram
1206 1471 1369 1552 optinuit.
1383 1470 1463 1533 Fuit
1482 1464 1645 1531 autemei
1685 1482 1696 1532 5

504 1589 605 1642 causa
625 1572 667 1633 ad
692 1590 752 1633 nos
773 1571 965 1634 divertendi
988 1572 1086 1655 quasi
1111 1573 1292 1652 cuiusdam
1313 1571 1451 1651 jocundi
1466 1583 1482 1608 ²
1502 1581 1646 1633 eventus

504 1671 660 1734 miraculi
673 1671 697 1733 1.
709 1672 872 1734 Audierat
883 1674 988 1735 abbas
1000 1673 1232 1735 Theodericus
1246 1684 1434 1754 utrumque
1447 1669 1645 1752 pontificem

502 1792 562 1854 per
589 1774 715 1836 Hoium
740 1774 885 1836 transire
912 1785 950 1836 ut
977 1774 1157 1836 Coloniam
1185 1776 1284 1837 irent.
1314 1775 1497 1855 missisque
1522 1772 1565 1834 ad
1589 1789 1647 1835 eos

502 1875 636 1950 litteris,
658 1877 836 1938 mandavit
857 1884 895 1938 ut
918 1894 979 1957 per
1002 1876 1176 1939 ecclesiam
1205 1878 1291 1938 beati
1312 1875 1457 1938 Huberti
1478 1873 1643 1937 redirent.

503 1976 642 2038 Litteris
663 1986 780 2039 autem
804 1977 946 2056 perditis
968 1979 1003 2038 in
1029 1978 1144 2059 Leuga
1170 1994 1238 2057 que
1261 1976 1390 2039 dicitur
1410 1974 1499 2038 Mala
1515 1964 1538 2049 ³,
1554 1973 1646 2035 inter
1672 1992 1698 2029 ιο

504 2075 631 2137 Hoium
646 2087 679 2137 et
696 2076 874 2150 leodium,
891 2095 972 2139 cum
994 2086 1069 2157 post
1089 2078 1270 2140 duodecim
1285 2077 1354 2140 fere
1372 2077 1446 2139 dies
1466 2071 1646 2155 pontifices

502 2176 657 2239 redirent
671 2195 732 2257 per
747 2179 892 2239 eandem
908 2178 1010 2252 viam,
1027 2179 1152 2240 obtulit
1167 2178 1215 2240 eis
1229 2180 1339 2241 viator
1353 2178 1497 2259 quidam
1512 2174 1646 2239 noviter

502 2275 660 2339 inventas
681 2277 810 2339 ibidem
832 2279 970 2340 easdem
986 2279 1128 2341 litteras.
1147 2279 1197 2340 llli
1220 2289 1337 2341 autem
1360 2296 1427 2339 non
1444 2276 1516 2338 sine
1540 2275 1644 2337 mira·

501 2376 579 2437 culo
594 2376 708 2440 divine
726 2378 914 2441 voluntatis
936 2396 1053 2440 secum
1077 2390 1275 2458 reputantes
1286 2380 1334 2441 rei
1351 2389 1530 2450 eventum,
1547 2375 1643 2438 nullo

502 2478 605 2538 modo
641 2489 928 2559 presumpserunt
965 2481 1217 2561 pretermittere
1254 2481 1385 2541 abbatis
1423 2479 1638 2541 mandatum.
1668 2496 1691 2548 ις

502 2580 683 2642 Venientes
698 2599 778 2642 vero
792 2582 897 2642 abbas
919 2581 1167 2643 officiosissima
1182 2583 1394 2661 processione
1416 2583 1565 2662 excepit;
1582 2601 1642 2664 per

502 2680 649 2742 biduum
671 2688 821 2742 retentos
845 2681 1027 2743 affluenter
1048 2680 1175 2755 reiecit,
1199 2682 1403 2761 presentatis
1427 2684 1518 2745 inter
1540 2703 1643 2765 pran-

501 2780 655 2841 dendum
675 2782 716 2841 ad
743 2780 989 2859 jocunditatem
1014 2781 1279 2842 ammirantium
1303 2782 1416 2861 carpis
1437 2792 1471 2843 et
1493 2783 1643 2861 piscibus

502 2881 599 2942 vivis.
616 2882 735 2942 Postea
751 2881 919 2963 digressos
935 2881 1149 2962 impensibus
1163 2881 1302 2944 ecclesie
1323 2883 1519 2945 Mosomum
1536 2902 1642 2967 usque

501 2981 624 3042 deduci
644 2981 805 3062 precepit,
818 2981 946 3062 gratias
964 2991 1103 3064 agentes
1124 2983 1192 3044 Deo
1211 3001 1272 3064 pro
1293 2993 1431 3062 experta
1448 2985 1590 3049 caritate
1609 2993 1642 3047 et
1666 3001 1693 3037 ²0

501 3086 643 3166 probata
666 3086 701 3147 in
725 3086 796 3147 loco
817 3088 936 3147 eodem
960 3086 1064 3147 nobili
1081 3097 1115 3148 et
1131 3087 1314 3148 venerabili
1337 3086 1502 3168 religione
1524 3105 1640 3169 quam,
1668 3154 1673 3163 ,

501 3184 565 3246 nisi
584 3186 692 3248 oculis
712 3187 922 3266 probassent,
946 3186 1040 3247 nullo
1068 3188 1180 3261 modo,
1205 3198 1242 3248 ut
1267 3190 1479 3262 asserebant,
1502 3204 1641 3250 narran-

502 3286 594 3347 tibus
611 3286 845 3346 credidissent.

543 3473 599 3529 14.
624 3471 703 3543 (22.)
726 3469 824 3528 Anno
840 3467 940 3528 Vcrbi
957 3467 1125 3528 incarnati
1145 3486 1218 3547 1074
1236 3468 1284 3541 ⁶⁴,
1303 3467 1485 3546 Philippus
1500 3467 1519 3507 ὅ
1537 3468 1641 3529 etiam

533 3685 558 3715 a.
579 3666 657 3715 Dans
675 3667 712 3721 il,
734 3667 871 3716 (ιιι-1111115
889 3667 919 3715 dc
935 3666 1060 3733 jocundi,
1083 3665 1127 3715 vel
1146 3665 1244 3731 jocosi.
1263 3664 1336 3715 -11,
1356 3664 1437 3715 Dans
1453 3664 1491 3721 Α,
1514 3663 1642 3717 miraculi
1669 3670 1696 3721 25

501 3761 619 3801 eventus
635 3769 704 3801 corr.
720 3758 771 3817 par
789 3769 840 3802 rene
859 3754 933 3801 ›riain
948 3754 1110 3821 postlrieure
1126 3769 1157 3801 en
1175 3768 1199 3803 e.
1215 3769 1252 3803 m.
1271 3781 1304 3789 -
1317 3769 1340 3801 c.
1363 3751 1435 3801 Cette
1451 3752 1518 3808 daie,
1535 3754 1643 3803 inserite

500 3839 567 3886 dans
578 3838 615 3891 Α,
631 3840 646 3885 ὰ
658 3837 684 3886 lo
700 3840 767 3887 suile
779 3838 809 3886 de
822 3839 1000 3890 narrantibus
1012 3826 1208 3900 credidissem,
1222 3840 1275 3889 doit
1286 3842 1340 3890 cire
1359 3842 1496 3904 rappnue
1507 3842 1523 3889 ὰ
1535 3839 1644 3890 ΓαΙὶηὲα

498 3925 623 3979 suivant:
636 3940 689 3990 voy.
703 3924 839 3973 ridessous
852 3932 908 3973 nole
919 3943 946 3986 4.
960 3954 991 3962 —
1006 3925 1031 3975 d.
1048 3925 1209 3991 Phillippus
1227 3927 1264 3979 A.

533 4224 540 4249 ¹
561 4214 630 4281 Voy.
649 4215 809 4282 chronique,
826 4216 969 4277 cidessus,
984 4231 1012 4281 p.
1026 4228 1066 4265 22.

532 4308 540 4334 ²
560 4300 677 4352 (laufrid
695 4317 731 4352 ou
751 4301 859 4367 Jollroy
873 4303 908 4353 de
922 4302 1079 4369 Boulogne,
1092 4301 1201 4369 echuc
1212 4302 1247 4352 de
1261 4301 1339 4352 Paris
1350 4301 1386 4352 de
1401 4302 1461 4352 1061
1476 4304 1492 4352 a
1507 4315 1585 4369 1095;
1601 4302 1647 4356 fils
1675 4310 1687 4360 3

498 4387 667 4436 d¹liustachc
688 4387 731 4448 1⁰¹,
751 4397 844 4437 comte
861 4388 897 4438 de
917 4388 1074 4454 Boulogne,
1092 4398 1120 4438 el
1139 4387 1174 4438 de
1191 4388 1330 4439 Matbilde
1346 4387 1381 4438 de
1398 4386 1542 4450 Louvain3
1561 4390 1647 4444 oncle

499 4471 625 4537 paternel
638 4473 672 4522 de
685 4472 840 4524 (iiidclroid
852 4474 887 4525 de
901 4473 1044 4526 Bouillon.

532 4556 601 4607 lla
626 4556 752 4619 llallicu,
782 4559 962 4625 dependance
990 4561 1026 4611 de
1057 4559 1379 4627 Hermalle-sous-lluy
1408 4559 1527 4628 (Liege,
1557 4559 1645 4631 Huy,

500 4641 653 4708 Nandrin).

529 4737 540 4770 ⁴
560 4727 598 4778 la
611 4729 674 4779 dato
690 4743 761 4795 1074,
777 4731 890 4782 inserite
901 4733 970 4783 dans
982 4732 1008 4782 la
1022 4733 1103 4798 copie
1121 4731 1237 4783 d'Orval
1249 4735 1265 4783 a
1277 4732 1303 4785 la
1320 4733 1394 4783 suite
1411 4732 1448 4783 de
1464 4733 1645 4787 narrantibus

494 4814 665 4864 credidissent
681 4824 709 4866 et
727 4816 792 4867 d'un
812 4818 903 4869 meme
921 4827 1062 4880 contexte,
1076 4834 1111 4868 ne
1125 4827 1192 4885 peut
1210 4834 1259 4885 pas
1276 4834 1305 4869 se
1324 4828 1471 4884 rapporter
1485 4820 1502 4869 a
1517 4818 1544 4871 la
1556 4821 1644 4875 visite
