4450 6125
633 847 708 931 138
836 855 1148 937 Caniniom‘um
1177 863 1270 938 siae
1305 857 1555 939 Chronicoa

623 1148 703 1199 deos
730 1165 795 1201 non
822 1151 959 1213 debere,
988 1154 1012 1203 si
1040 1169 1120 1204 vcro
1147 1153 1283 1214 bonum,
1310 1152 1382 1202 illis
1412 1151 1531 1217 pocius
1558 1147 1762 1205 convenire,

623 1236 679 1300 qui
708 1235 769 1287 illo
796 1239 844 1287 uti
872 1239 1014 1290 scirent.

659 1320 747 1372 ldem
766 1338 838 1374 cum
862 1341 877 1374 a
902 1326 1042 1391 quodam
1062 1326 1299 1391 philosophoa
1319 1322 1596 1381 beatificaretur,
1614 1335 1655 1371 eo
1677 1318 1766 1386 quod

624 1407 661 1457 ad
680 1417 796 1459 nutum
816 1411 888 1476 ejus
907 1421 1107 1476 suppeteret
1122 1412 1134 1450 b
1152 1411 1217 1463 sibi
1237 1421 1329 1461 tante
1348 1408 1533 1476 potestatis
1551 1422 1646 1467 usus,
1667 1405 1765 1456 illum

578 1495 582 1504 '
623 1493 660 1543 ad
685 1497 953 1548 convescendum
976 1498 1091 1548 codem
1115 1498 1168 1548 die
1190 1498 1366 1559 invitavit,
1389 1505 1421 1546 et
1444 1503 1560 1560 preter
1580 1501 1766 1544 consuetu·
1806 1504 1818 1553 5

622 1579 734 1631 dinem
771 1583 954 1648 exquisitis
989 1585 1125 1634 divitiis
1160 1585 1357 1634 convivium
1393 1582 1555 1650 agendum
1590 1579 1764 1630 instituit.

622 1666 657 1716 ln
682 1682 747 1731 quo
771 1668 1005 1734 philosophae
1029 1686 1139 1721 secum
1167 1670 1395 1721 discumbenti
1423 1668 1584 1720 nudatum
1612 1665 1764 1734 gladium

621 1753 713 1803 tenui
756 1752 818 1804 filo
858 1771 960 1821 super
1000 1766 1101 1822 caput
1142 1756 1302 1822 suspendi
1344 1756 1459 1822 jussit.
1502 1753 1769 1819 Philosophusd

621 1839 739 1890 vidcns
770 1840 919 1907 gladium
954 1843 1205 1908 impendentem
1239 1842 1303 1893 sibi
1335 1841 1516 1892 exhorruit
1548 1839 1763 1900 convivium,

619 1934 651 1974 et
682 1926 881 1978 imminente
911 1928 976 1979 sibi
1011 1928 1180 1994 periculo,
1214 1928 1408 1995 hujusmodi
1444 1927 1585 1994 gratiam
1620 1940 1764 1977 conves-
1795 1937 1823 1972 to

620 2011 716 2061 cendi
741 2022 899 2079 tyranno,
924 2016 981 2080 qui
1006 2030 1040 2065 se
1064 2016 1290 2077 invitaverat,
1322 2015 1459 2066 omnino
1488 2013 1681 2064 excusavit.
1714 2012 1764 2063 Ad

622 2099 682 2147 hoc
704 2106 868 2163 tyrannus
888 2117 894 2151 :
918 2100 999 2156 Talis,
1021 2102 1147 2167 inquit,
1168 2103 1318 2152 securitatis
1335 2107 1372 2150 cst
1390 2101 1460 2151 nn’lti
1476 2099 1614 2154 beatitudo,
1629 2099 1711 2162 cujus
1724 2114 1766 2148 rne

620 2199 672 2233 esse
679 2182 754 2248 salso
762 2187 915 2251 predicanti,
930 2204 992 2237 cam
1009 2186 1049 2237 nef
1061 2196 1119 2238 rota
1127 2189 1241 2253 fortune
1255 2189 1330 2238 modo
1342 2203 1450 2238 surnma
1467 2185 1625 2237 convolante
1647 2184 1763 2251 infimis,

621 2269 662 2320 nel
671 2273 728 2337 ipsa
745 2289 815 2323 mors
831 2274 952 2324 omnibns
968 2277 1111 2325 imminens
1128 2276 1200 2326 nnlfi
1211 2281 1319 2342 parccrc
1337 2275 1406 2327 uelit.

654 2357 810 2425 Legitur,
846 2360 1041 2413 Alexandro
1074 2361 1307 2423 sacrificante,
1339 2377 1478 2428 puerum
1509 2360 1566 2426 qui
1595 2359 1625 2410 ei
1651 2360 1765 2426 ignem
1799 2373 1828 2423 ις

619 2446 824 2498 accendebat
856 2447 1034 2499 carbonem
1059 2464 1160 2499 unum
1190 2450 1223 2499 in
1255 2449 1394 2499 brachio
1422 2446 1640 2513 excepisses,
1665 2446 1767 2498 adus-

620 2541 721 2598 toque
753 2549 898 2600 corpore
933 2534 1143 2586 immobilem
1174 2536 1416 2601 permansisse,
1447 2549 1506 2584 nec
1528 2531 1682 2584 dolorem
1709 2533 1765 2584 vel

618 2618 779 2684 gemitum
806 2620 902 2686 signo
928 2620 1044 2687 aliquo
1069 2620 1122 2671 vel
1154 2630 1243 2671 motu
1271 2620 1474 2685 prodidisse.
1502 2617 1609 2669 Tanta
1635 2616 1702 2670 fnit
1732 2619 1766 2670 in

618 2719 725 2769 puero
752 2707 946 2756 reverentia
972 2706 1172 2772 discipline,
1209 2715 1244 2757 ut
1278 2705 1402 2773 religio
1436 2705 1590 2756 vinceret
1624 2719 1766 2756 sensum

619 2800 753 2841 nature.
1798 2811 1834 2848 20

570 2917 577 2937 ,
652 2876 821 2944 Diogenes
843 2887 851 2913 ¹
877 2880 1027 2946 Cynicus
1049 2881 1081 2930 in
1107 2881 1203 2933 dolio
1231 2880 1463 2940 recumbebat,
1491 2878 1580 2946 quod
1606 2878 1706 2944 quasi
1725 2880 1767 2932 ad

620 2962 838 3014 habitandum
874 2965 940 3016 sibi
976 2965 1159 3017 sussiciens
1194 2966 1339 3032 pretorii
1376 2965 1512 3016 nomine
1548 2961 1763 3015 honorabat.

619 3049 743 3118 Egerat
763 3068 843 3104 vero
867 3061 902 3103 ut
926 3053 1035 3104 iddem
1053 3053 1185 3105 dolium
1203 3070 1275 3105 cum
1297 3052 1369 3104 sole
1388 3060 1597 3111 verteretur,
1616 3049 1767 3118 ejusque

617 3139 843 3191 conversione
868 3140 998 3192 vitabat
1022 3139 1279 3208 refrigerandus
1300 3140 1405 3191 solem
1428 3140 1460 3190 in
1481 3146 1607 3199 estate,
1628 3147 1662 3190 et
1684 3152 1766 3190 eum

616 3224 827 3277 calefiendus
845 3227 1001 3293 captabat
1020 3228 1051 3278 in
1068 3230 1225 3295 hyemen.
1240 3228 1345 3293 Quem
1364 3242 1436 3278 cum
1455 3224 1768 3292 preterienshlex-
1799 3245 1834 3297 25

615 3310 718 3361 ander
742 3310 883 3379 Magnus
906 3322 1020 3379 preter
1043 3313 1246 3379 optimatum
1274 3328 1410 3363 suorum
1437 3310 1767 3362 existimationemll

616 3397 776 3449 inclinata
801 3399 978 3466 majestate
1003 3400 1093 3467 regia
1119 3400 1302 3460 reviseret,
1327 3398 1440 3449 astitit
1460 3396 1605 3464 Diogeni
1628 3397 1661 3446 in
1683 3410 1765 3462 pre-

615 3486 777 3537 toriosuo
806 3487 957 3552 captanti
988 3485 1206 3553 hyemalem?
1234 3485 1355 3537 solem.
1385 3484 1459 3550 Quo
1491 3483 1642 3535 salutato
1677 3482 1764 3535 offi-

613 3571 803 3623 ciosissime
822 3586 829 3622 :
848 3571 973 3627 Interim,
1001 3572 1113 3638 inquit
1140 3570 1353 3638 Diogenesr',
1383 3571 1447 3621 dnm
1470 3569 1593 3637 loqueris,
1621 3585 1653 3619 ne
1675 3568 1763 3622 obstes

613 3659 680 3709 milri
696 3677 713 3709 a
730 3659 791 3716 sole,
807 3676 888 3726 neque
903 3676 1068 3710 summoveor
1086 3659 1156 3709 milti
1172 3661 1370 3709 ministrantem
1387 3657 1511 3714 calmem,
1532 3674 1609 3725 quem
1626 3658 1682 3724 ipse
1701 3674 1759 3708 non
1791 3673 1829 3724 30

609 3749 680 3810 potes
697 3746 778 3795 dare!
803 3744 853 3795 Ad
879 3747 939 3795 hoc
965 3743 1161 3794 Alexander
1178 3760 1211 3794 se
1228 3759 1242 3794 a
1261 3743 1494 3810 philosopho*
1512 3743 1760 3809 parvipensum

612 3829 809 3891 subridens,
839 3838 872 3881 et
901 3845 1088 3882 conversus
1121 3830 1159 3881 ad
1192 3830 1367 3896 principes
1398 3829 1464 3881 sibi
1496 3829 1761 3896 obsequentes:

620 3916 714 3971 licien,
739 3917 864 3981 inquit,
885 3915 998 3978 belnam,
1012 3934 1060 3983 qne
1075 3924 1158 3966 totam
1176 3917 1308 3966 mundam
1326 3915 1401 3966 ltnhct
1416 3914 1464 3966 snb
1477 3914 1597 3984 podibus,
1612 3931 1689 3983 quem
1711 3933 1763 3968 nos

644 4139 670 4173 a.
690 4121 871 4188 phylosopho
883 4122 919 4171 Α.
934 4149 966 4158 -
983 4120 1005 4172 h.
1020 4120 1196 4186 subpteteret
1208 4122 1245 4171 A.
1259 4148 1291 4157 -
1308 4136 1332 4169 c.
1346 4119 1526 4186 phylosopho
1537 4120 1575 4169 A.
1589 4147 1621 4157 -
1638 4119 1666 4169 d.
1681 4118 1762 4188 Phy-

611 4206 747 4273 losophus
768 4206 804 4257 Α.
818 4236 851 4245 -
870 4224 891 4257 c.
906 4207 1034 4259 convolat
1048 4207 1208 4270 :f,j'adoptc
1222 4206 1248 4257 la
1261 4209 1404 4257 correction
1419 4206 1462 4256 des
1473 4204 1573 4259 MGH.
1586 4235 1620 4244 -
1629 4205 1659 4272 s.
1673 4206 1761 4260 Dans
1791 4224 1825 4276 35

611 4296 647 4355 A,
667 4295 691 4345 le
708 4298 802 4361 capiate
823 4298 896 4345 avait
913 4297 977 4346 ierit
994 4295 1167 4362 excipiente;
1188 4295 1241 4346 ila
1259 4297 1355 4359 aranti,
1368 4295 1505 4344 nra-dessns
1522 4294 1553 4344 de
1568 4293 1596 4343 la
1611 4293 1694 4361 ligne,
1710 4295 1760 4348 vel

612 4382 827 4448 (exc)e(p)isse.
841 4411 873 4419 -
883 4401 910 4446 g.
925 4399 1007 4449 yeme
1018 4383 1054 4433 Α.
1069 4410 1102 4419 -
1113 4382 1141 4434 la.
1155 4382 1368 4433 extimationem
1381 4381 1419 4433 Α.
1434 4410 1463 4419 -
1477 4382 1496 4433 i.
1515 4380 1657 4448 yemalem
1670 4381 1710 4432 A.
1725 4411 1760 4422 -

605 4470 630 4531 j.
644 4469 786 4536 dyogenes
799 4471 835 4521 .f.
850 4499 881 4506 -
893 4470 918 4521 k.
933 4469 1111 4536 phylosopho
1123 4469 1160 4520 A.

645 4818 651 4845 ¹
673 4810 712 4862 La
731 4810 768 4861 fin
785 4812 820 4862 de
837 4809 991 4862 l'anecdote
1008 4812 1108 4862 contee
1125 4810 1260 4862 cidessus
1277 4825 1326 4876 par
1346 4809 1371 4860 la
1390 4808 1541 4875 Claroniqne
1552 4821 1589 4858 ne
1600 4821 1631 4858 se
1647 4815 1756 4862 trouve

608 4913 656 4965 pas
668 4898 737 4948 dans
751 4897 850 4949 Valere
863 4896 999 4956 Maxime:
1009 4898 1037 4964 je
1049 4897 1102 4947 n'ai
1115 4913 1153 4963 pu
1164 4895 1335 4948 l'identifier.
1782 4915 1822 4962 40
