4450 6125
837 930 990 1011 Sancti
1024 928 1236 1012 Habenti.
1582 933 1606 1015 3

469 1104 814 1117 ——.
1495 1115 1607 1125 —-

467 1228 682 1283 Theoderico
705 1247 790 1300 rege,
817 1249 900 1285 uxor
923 1235 995 1301 ejus
1020 1233 1244 1286 Plectrudisss
1274 1231 1518 1293 Amberlacum
1547 1251 1617 1295 sue.
1662 1241 1725 1293 Vita

466 1324 635 1388 ditionis⁶
665 1325 787 1390 fiscum
818 1329 959 1408 parabat
987 1330 1092 1404 adire,
1120 1338 1153 1390 et
1184 1348 1243 1406 per
1275 1331 1468 1409 predictum
1495 1333 1608 1395 locum
1628 1308 1761 1426 Βξζῗξὲ5”

469 1426 649 1503 transiens,
669 1444 733 1486 tam
759 1437 851 1488 tedio
874 1446 968 1489 vaste
992 1438 1194 1490 solitudinis
1217 1455 1312 1505 quam
1335 1439 1465 1492 fervore
1486 1443 1610 1493 estatis

470 1525 634 1590 contecta,
661 1529 783 1582 ibidem
809 1533 841 1582 in
865 1534 973 1599 pratis
997 1533 1193 1585 virentibus
1222 1535 1376 1586 decrevit
1399 1536 1609 1604 aliquamdiu

427 1623 441 1673 5
471 1614 698 1679 requiescere.
720 1616 850 1669 Etcum
869 1628 944 1684 post
963 1629 1112 1670 exactam
1134 1619 1357 1672 relectionem
1376 1624 1520 1674 comites
1537 1624 1611 1691 ejus

470 1696 622 1767 longiori
656 1717 799 1769 sumpno
832 1715 1081 1771 premerentur,
1119 1708 1189 1772 ipsa
1224 1709 1395 1760 curiosior
1424 1725 1485 1775 pro
1513 1712 1611 1778 equis

470 1787 701 1850 pascentibus,
726 1805 766 1840 ne
795 1807 854 1856 per
883 1791 988 1843 silvas
1016 1802 1233 1861 vagarentur,
1265 1794 1431 1861 nseminem
1461 1799 1612 1849 excitans

471 1871 542 1923 sola
563 1876 730 1936 surrexit:
753 1878 919 1944 equisque
944 1879 1144 1930 recollectis
1164 1881 1227 1946 jam
1252 1881 1386 1943 lassior,
1408 1882 1485 1932 dum
1509 1899 1613 1949 super

471 1973 628 2011 acervum
653 1960 803 2027 lapidum
828 1963 875 2015 ibi
900 1963 989 2016 sorte
1012 1974 1211 2034 congestum
1243 1968 1420 2029 resideret,
1446 1968 1611 2021 cartulam

413 2066 444 2101 10
471 2055 646 2121 quamdam
668 2051 788 2112 celitus
807 2052 970 2131 allapsam
991 2055 1000 2081 ¹
1022 2056 1200 2135 obstupuit
1223 2074 1337 2116 coram
1364 2075 1399 2117 se
1420 2058 1610 2118 cadentem.

471 2148 576 2214 Quam
591 2149 672 2201 licet
685 2152 809 2217 pavida
822 2154 1003 2219 corripuit,
1018 2163 1049 2205 et
1066 2157 1194 2206 nemini
1208 2157 1368 2208 comitum
1381 2173 1459 2208 ausa
1472 2157 1615 2209 credere

472 2244 652 2299 secretum,
676 2238 714 2288 ad
736 2239 844 2289 virum
868 2243 1071 2307 quantocius
1092 2243 1251 2295 decrevit
1274 2244 1529 2295 revertendum.
1551 2243 1614 2295 Cui

473 2339 546 2374 cum
565 2339 624 2389 per
642 2326 789 2378 ordinem
810 2327 991 2378 retulisset
1009 2339 1167 2379 eventum
1188 2330 1357 2390 miraculi,
1378 2329 1449 2391 ille,
1472 2339 1616 2382 evocato

474 2409 638 2477 Beregiso
656 2412 728 2461 viro
746 2412 948 2473 venerabili,
967 2415 1024 2479 qui
1038 2422 1117 2465 tunc
1130 2414 1162 2464 in
1176 2413 1236 2465 Dei
1250 2414 1350 2466 rebus
1363 2415 1616 2483 obsequebatur

415 2503 443 2552 ¹5
473 2499 532 2558 eis,
553 2497 716 2548 cartulam
736 2497 788 2548 illi
808 2497 937 2550 obtulit
955 2500 1189 2565 exponendam
1208 2500 1283 2551 sibi.
1303 2499 1493 2552 Consultus
1511 2516 1617 2552 sacer-

473 2593 532 2644 dos
552 2593 610 2643 Dei
629 2592 815 2658 respondit,
829 2592 939 2644 locum
954 2609 1019 2661 quo
1032 2594 1145 2644 eadem
1159 2594 1290 2645 cartula
1308 2587 1492 2662 deciderat,
1511 2611 1527 2645 a
1545 2593 1616 2645 Deo

472 2703 545 2739 esse
563 2687 720 2750 electum,
740 2703 778 2737 ex
797 2702 861 2753 quo
879 2687 1065 2739 multorum
1084 2688 1194 2738 anime
1208 2687 1559 2739 transiredeberentc
1577 2688 1616 2738 ad

475 2789 575 2843 regna
593 2772 754 2826 celorum.
769 2773 890 2840 Pipino
907 2789 987 2825 vero
1005 2774 1245 2842 subjungente,
1259 2773 1418 2841 quidsibi
1432 2773 1512 2824 inde
1529 2774 1617 2825 vide-

475 2869 570 2912 retur
590 2860 764 2928 agendum,
789 2859 980 2927 Beregisus,
1005 2869 1099 2926 rapta
1118 2860 1308 2921 occasione,
1329 2869 1449 2926 utpote
1467 2861 1523 2928 qui
1541 2860 1617 2927 jam-

413 2963 446 2998 20
474 2948 531 2999 diu
549 2947 637 3013 apud
655 2946 955 2998 sedeliberaverat
969 2947 1092 2998 mundo
1106 2946 1232 2998 relicto
1245 2947 1391 2998 liberius
1405 2946 1474 2998 Deo
1487 2962 1616 3008 vacare,

475 3033 666 3087 subintulit
685 3034 844 3100 principi,
867 3049 906 3085 ne
927 3043 1089 3100 quantum
1111 3034 1145 3085 in
1168 3049 1203 3085 se
1223 3042 1314 3085 esset
1335 3034 1452 3085 divine
1474 3033 1619 3100 disposi-

476 3123 563 3175 tioni
593 3122 742 3183 deesset,
772 3130 923 3187 paratum
954 3137 988 3172 se
1017 3121 1241 3172 solitudinem
1273 3121 1367 3172 illam
1397 3121 1616 3173 excolendam
1657 3150 1660 3157 ·

476 3219 661 3284 suscipere,
675 3218 701 3268 si
714 3232 783 3268 eam
797 3216 858 3267 ille
870 3216 935 3268 sibi
948 3217 1163 3268 concederet.
1187 3209 1318 3271 Placuit
1332 3208 1454 3287 pipino
1467 3208 1617 3288 Beregisi

478 3314 704 3395 propositum,
720 3313 798 3374 licet
818 3321 1021 3394 gravaretur
1036 3312 1240 3374 ammodum
1256 3329 1275 3371 a
1290 3328 1325 3371 se
1340 3328 1445 3372 suum
1460 3309 1617 3370 emittere

416 3432 445 3482 ²5
476 3412 711 3475 karissimum.
729 3412 790 3473 Illo
805 3421 920 3473 tamen
936 3395 1049 3492 sepibs
1065 3412 1255 3485 insistente,
1271 3420 1307 3471 ut
1324 3428 1398 3472 rem
1413 3408 1618 3490 quantocius

476 3514 692 3586 acceleraret,
724 3513 867 3592 Pipinus
903 3512 1024 3574 eumd
1056 3512 1221 3574 comitatu
1259 3511 1444 3573 curialium
1474 3528 1618 3573 suorum

477 3615 571 3676 venit
591 3613 633 3675 ad
657 3613 769 3675 locum
793 3613 929 3675 invente
949 3614 1070 3675 celitus
1091 3622 1193 3674 carte.
1221 3612 1267 3673 lbi
1289 3610 1374 3672 facta
1397 3611 1495 3691 legali
1512 3611 1618 3671 dona-

478 3715 597 3777 tione²
617 3723 651 3776 et
672 3722 744 3776 rata
764 3731 880 3776 coram
901 3713 1117 3794 principibus
1137 3712 1208 3774 suis
1226 3711 1480 3790 astipulatione,
1504 3711 1618 3772 locum

512 3919 537 3954 a.
556 3901 637 3952 Dans
648 3901 686 3963 A,
700 3917 751 3950 unc
769 3902 843 3950 irtain
859 3901 1019 3966 posterieure
1036 3917 1052 3948 a
1070 3900 1159 3962 ajout!
1175 3914 1191 3948 e
1208 3899 1345 3947 au-dessus
1363 3897 1393 3946 dc
1410 3896 1575 3963 plectrudis.
1589 3923 1620 3932 -

422 3999 452 4047 30
479 3986 502 4040 b.
521 3987 654 4040 dictionis
669 3988 707 4041 A.
721 4015 752 4025 -
769 4004 792 4040 c.
811 3987 892 4037 Dans
909 3986 946 4042 Α,
970 3986 1160 4037 debentem.
1180 3985 1361 4049 consustinuit
1378 4001 1409 4033 en
1428 3983 1573 4035 deberent.
1587 4010 1620 4018 -

480 4076 504 4128 d.
523 4090 588 4127 eum
602 4075 639 4125 A.

515 4385 522 4411 ¹
541 4377 582 4429 Le
602 4378 794 4444 chroniqueur
814 4389 857 4428 est
877 4378 968 4428 moins
988 4376 1100 4427 reserve
1123 4391 1179 4442 que
1202 4374 1322 4425 l'auteur
1342 4372 1378 4422 du
1408 4370 1465 4420 Vita
1487 4370 1617 4436 Beregisi,

480 4472 511 4516 n⁰
529 4480 568 4528 14,
582 4465 648 4516 ΑΛ.
662 4464 725 4521 SS„
742 4472 762 4517 t.
777 4464 813 4514 1⁴³r
824 4464 978 4524 d'octobre,
994 4463 1089 4530 lequel
1106 4463 1146 4513 dit
1164 4462 1342 4513 seulement:
1357 4465 1461 4508 cartam
1475 4457 1618 4524 quamdam

481 4554 554 4603 intra
570 4568 638 4602 snm
660 4552 818 4601 decidentem
839 4553 974 4606 miratum·
994 4559 1074 4601 entre
1098 4550 1139 4600 les
1163 4550 1237 4600 deux
1260 4547 1354 4606 ecrits,
1376 4561 1413 4597 on
1435 4545 1494 4595 voit
1517 4559 1572 4610 que
1593 4542 1618 4593 la

425 4652 452 4703 35
481 4638 600 4707 legende
616 4654 632 4689 a
649 4636 698 4689 lait
715 4638 752 4690 du
772 4638 894 4688 chemin.

518 4732 527 4759 ²
546 4724 587 4776 Le
603 4724 794 4791 chroniqueur
809 4722 916 4774 semble
934 4721 1002 4773 faire
1019 4722 1141 4773 allusion
1161 4722 1195 4771 ici
1214 4735 1248 4770 au
1267 4719 1392 4784 diplome
1408 4719 1570 4783 apocryphe
1587 4716 1623 4766 de

486 4811 576 4878 Pepin
595 4809 750 4863 d'Herstal.
772 4809 812 4861 Le
835 4810 899 4876 plus
922 4809 1017 4860 recent
1041 4809 1152 4860 editeur
1175 4808 1210 4858 de
1232 4822 1264 4857 ce
1287 4804 1422 4870 diplbme,
1444 4803 1480 4854 G.
1504 4802 1623 4860 Kunrrr,

489 4897 602 4949 Charias
611 4895 760 4964 del'ahbaye
768 4898 798 4946 de
808 4894 1015 4951 Salat-Hubert,
1025 4904 1043 4944 t.
1056 4897 1075 4955 l,
1085 4910 1132 4960 pp.
1147 4909 1155 4943 1
1166 4902 1194 4944 et
1206 4893 1289 4953 suiv,
1300 4900 1328 4941 et
1337 4889 1389 4940 Les
1397 4890 1528 4955 preuaeicrs
1539 4887 1627 4936 siecles
1650 4899 1654 4912 ¹

487 4985 518 5034 de
533 4982 646 5049 l’abbaye
660 4984 690 5033 de
705 4982 911 5038 Sam-Hubert,
933 4998 960 5048 p.
979 4995 1019 5042 22,
1038 4982 1109 5032 croit
1130 4980 1287 5047 e'galement
1306 4992 1361 5043 que
1385 4975 1566 5041 l’apocryphe
1584 4982 1626 5022 est
