4450 6125
548 891 629 975 226
755 893 1066 976 Cantatorium
1095 898 1188 975 sine
1223 893 1472 977 Chronicon

543 1198 630 1262 siam
656 1198 798 1260 introiit.
827 1196 990 1276 injuriam
1017 1195 1121 1275 hujus
1144 1195 1360 1259 aversionis·
1385 1212 1452 1257 uon
1479 1194 1594 1258 solum
1619 1194 1680 1256 sibi

544 1299 758 1377 injuriosam,
774 1298 831 1359 sed
853 1306 888 1359 et
909 1296 1052 1359 Otberto
1067 1294 1271 1378 ecclesieque
1287 1294 1477 1369 leodiensi,
1493 1294 1528 1357 in
1545 1294 1682 1376 publico

545 1402 690 1463 lratrum
726 1407 909 1470 conventu,
940 1408 1097 1478 presente
1124 1397 1233 1459 immo
1260 1397 1461 1480 indignante
1490 1395 1679 1470 Frederico,

543 1510 761 1581 conquestus,
791 1518 871 1563 eum
899 1518 938 1560 eo
969 1500 1137 1561 Leodium
1166 1497 1277 1572 rediit,
1306 1499 1436 1560 ibidem
1469 1497 1534 1560 hoc
1566 1496 1679 1578 ipsum

541 1611 801 1685 conquesturus.
828 1602 869 1663 Et
890 1600 969 1681 quia
993 1609 1075 1662 tunc
1096 1598 1261 1679 temporis
1282 1599 1447 1678 justitiam
1465 1598 1680 1679 deprimebat
1717 1609 1727 1662 ⁵

542 1712 692 1784 potestas
705 1712 739 1765 et
755 1702 924 1764 rationem
940 1702 1111 1774 voluntas,
1127 1700 1271 1782 quidam
1294 1718 1335 1763 ex
1356 1697 1522 1763 fratribus
1539 1697 1681 1762 inferen-

541 1807 622 1867 dam
649 1805 712 1867 sibi
736 1803 934 1866 violentiam
962 1802 1164 1876 timuerunt,
1187 1810 1222 1864 et
1243 1820 1284 1864 ex
1306 1801 1355 1864 eis
1375 1802 1494 1864 decem
1517 1801 1624 1865 simul
1646 1800 1680 1864 iu

542 1925 609 1970 una
631 1907 685 1968 die
706 1908 870 1969 abeuntes
891 1905 1070 1984 percellas
1094 1905 1320 1968 diverterunt.
1349 1903 1410 1966 llis
1432 1902 1533 1984 quasi
1558 1919 1679 1966 exone·

541 2018 637 2072 ratus
658 2027 727 2088 Jam
749 2007 901 2070 securior
922 2007 1031 2069 immo
1053 2006 1194 2069 ferocior
1210 2005 1370 2068 Wiredus
1384 2004 1497 2080 rediit,
1515 2005 1677 2067 nimium-

539 2127 606 2191 que
627 2109 831 2171 ambitiosus
846 2108 982 2188 proprie
997 2105 1241 2169 dominationis
1262 2116 1296 2169 et
1316 2105 1460 2169 omnino
1479 2104 1678 2168 incredulus
1704 2115 1729 2152 ¹0

540 2209 687 2273 fraterne
713 2209 965 2291 procurationis
988 2208 1229 2272 ecclesiasticas
1258 2207 1531 2288 dispensationes
1555 2207 1623 2270 sub
1645 2223 1678 2268 se

539 2311 611 2373 solo
632 2312 808 2392 provisore
829 2310 1001 2373 commisit
1023 2310 1126 2373 laicis.
1152 2309 1207 2371 Sic
1228 2326 1311 2391 ergo
1331 2310 1405 2390 ipse
1426 2308 1555 2372 laboris
1572 2309 1679 2388 impu·

539 2410 626 2473 tiens
647 2421 681 2474 et
701 2411 794 2474 domi
817 2410 1068 2492 conquiescens,
1085 2411 1171 2472 dum
1188 2428 1257 2472 nou
1272 2408 1342 2483 Dei,
1366 2409 1424 2472 sed
1448 2425 1511 2471 sua
1533 2423 1677 2490 queren-

539 2511 631 2574 tibus
660 2513 770 2596 magis
797 2530 904 2593 quam
936 2509 1100 2574 fratribus
1132 2511 1402 2591 dispensationes
1435 2508 1678 2572 ecclesiasticas

538 2614 700 2687 crederet,
724 2624 886 2695 ceperunt
910 2613 1004 2675 nullo
1026 2622 1233 2692 procurante
1253 2611 1401 2674 sationes
1426 2610 1598 2691 deperire,
1620 2609 1676 2672 do·
1703 2621 1727 2672 ιι

540 2717 714 2778 minicales
749 2716 944 2777 mansiones
978 2732 1057 2776 cum
1098 2716 1230 2776 horreis
1265 2731 1376 2787 ruere,
1411 2711 1677 2776 assentientibus

538 2813 734 2877 infidelibus
760 2816 926 2878 ministris
951 2825 985 2877 et
1009 2816 1129 2876 eodem
1156 2807 1295 2877 assensu
1318 2833 1352 2876 se
1375 2814 1468 2894 ipsos
1487 2813 1675 2880 tuentibus.

537 2917 738 2977 omnimodo
759 2918 913 2978 advocati
936 2934 1079 2997 regnare
1101 2933 1204 2995 super
1219 2933 1386 2995 pauperes
1400 2913 1550 2990 ecclesie,
1568 2913 1676 2996 legiti-

539 3033 611 3078 mas
636 3016 900 3079 consuetudines
924 3017 1074 3078 detortas
1099 3016 1141 3078 ad
1169 3015 1334 3097 placitum
1356 3033 1460 3079 suum
1482 3015 1674 3087 demutare,

535 3116 676 3179 obsonia
703 3117 852 3179 indebita
881 3118 1026 3199 erigere,
1057 3128 1089 3179 et
1124 3118 1214 3199 leges
1246 3114 1484 3181 voluntariast
1512 3117 1676 3181 adversus
1700 3128 1728 3167 ³⁰

535 3217 711 3280 ecclesiam
728 3218 920 3297 ingravare,
936 3219 1197 3281 constitutiones
1218 3237 1298 3282 suas
1313 3218 1440 3283 exactis
1454 3218 1675 3283 scabinorum

537 3319 702 3381 violenter
717 3320 851 3396 iudiciis
866 3321 900 3381 in
918 3330 1094 3401 posterum
1112 3318 1262 3393 firmare,
1279 3319 1532 3400 deprecatorias
1550 3320 1676 3384 violeu-

537 3430 589 3481 ter
603 3420 800 3500 questiones
815 3437 1029 3503 exaggerare.

577 3626 635 3684 90.
666 3624 765 3701 (114.)
800 3622 930 3684 lntereo
960 3622 1207 3703 indignabatur
1239 3622 1474 3687 Theodericus
1504 3640 1606 3687 suam
1637 3624 1678 3687 de

539 3723 731 3805 Berengero
741 3735 753 3762 ⁶
763 3723 977 3785 annullatam
995 3723 1205 3795 electionem,
1219 3722 1377 3805 cepitque
1391 3723 1567 3788 abbatiam
1579 3742 1676 3789 suam
1704 3742 1729 3793 ιι

540 3834 701 3901 repetere,
725 3841 831 3903 quam
852 3841 891 3884 ea
913 3833 1049 3885 tantum
1074 3823 1252 3885 remiserat
1272 3822 1479 3899 conditione,
1497 3836 1536 3889 ut
1553 3826 1585 3887 ei
1604 3824 1679 3889 talis

538 3926 744 4000 succederet,
757 3925 815 4004 qui
834 3943 900 3985 non
914 3924 1048 3986 Otberti
1064 3924 1234 4005 indigeret
1248 3926 1512 3990 consecratione.
1529 3926 1681 3991 Consilio

538 4041 620 4106 ergo
648 4023 827 4105 Raginoldi
855 4025 1043 4088 Remorum
1069 4024 1340 4106 archiepiscopi¹
1364 4034 1400 4088 et
1422 4026 1592 4089 abbatum
1620 4026 1677 4109 qui

570 4238 596 4272 a.
617 4220 695 4271 Dans
707 4222 744 4275 A,
760 4238 791 4268 nn
805 4220 837 4268 lit
848 4221 1022 4271 adversionis
1034 4224 1137 4285 surrigi
1144 4227 1197 4289 pur
1208 4223 1410 4288 eiponctualion
1422 4238 1454 4273 en
1467 4224 1635 4277 avenionis.
1649 4250 1679 4263 -

538 4306 561 4359 l.
581 4308 752 4359 voluntarias
764 4308 800 4357 A.
814 4337 845 4344 —
863 4326 885 4358 r.
907 4308 985 4367 benr,
999 4324 1060 4357 arec
1071 4324 1107 4358 un
1122 4310 1194 4373 signe
1205 4307 1391 4359 d'uirlvrizlion
1404 4308 1471 4361 dans
1482 4310 1520 4362 A.
1705 4320 1732 4371 30

576 4601 582 4625 ¹
604 4592 625 4642 ll
639 4593 694 4643 l'aut
709 4594 759 4642 liri·
773 4593 922 4647 italienses.
933 4610 1042 4645 conuue
1056 4596 1081 4645 le
1095 4611 1202 4661 prouvc
1215 4594 1241 4644 le
1254 4605 1331 4647 texte
1342 4596 1377 4648 de
1390 4596 1416 4649 la
1425 4594 1510 4649 leltre
1519 4596 1681 4651 cedemus.

542 4678 620 4727 Aiusr
643 4679 738 4728 turulli-
761 4679 877 4728 1“ι·ιιϊιιι·
897 4680 931 4728 111·
952 4680 1135 4748 chronologii-
1154 4682 1188 4731 di·
1209 4680 1358 4733 ,111111Ἑῆ
1375 4692 1404 4733 el
1423 4680 1564 4745 DURAND,
1583 4680 1682 4735 faisant

541 4776 680 4814 rciuonter
698 4764 856 4815 l'ruuusinn
874 4767 908 4815 dl:
923 4766 1018 4816 ltu-el
1035 4778 1116 4817 ιιι’.ιιιι
1132 4768 1157 4818 le
1172 4784 1198 4819 ει
1215 4770 1323 4835 junricr
1339 4770 1411 4835 1096,
1424 4770 1489 4823 dale
1500 4770 1539 4823 du
1551 4770 1636 4823 decet
1646 4770 1682 4823 de

541 4850 666 4903 Renaud.
684 4854 765 4902 lietu·
782 4868 879 4902 erre-ur
897 4870 930 4901 ιιι·
947 4852 1100 4920 §euplique
1113 4856 1180 4905 chez
1192 4872 1247 4907 eux
1260 4872 1315 4920 que
1327 4873 1377 4925 pal·
1389 4872 1445 4911 une
1457 4856 1567 4911 lecture
1578 4872 1680 4927 super·

538 4938 639 4990 licrelli·
651 4939 685 4990 de
699 4938 723 4989 la
739 4939 905 5006 Uirumque:
918 4955 963 4990 car
977 4941 1016 4990 les
1028 4940 1166 4993 eletuents
1178 4942 1213 4993 de
1226 4942 1251 4993 la
1263 4944 1448 5015 chronologie
1462 4942 1500 4999 de
1511 4952 1594 4999 lollio
1604 4954 1681 4997 ωηο
1704 4952 1732 5004 li
