4450 6125
811 888 965 971 Sancti
995 890 1206 972 Huberti
1270 968 1274 977 ,
1513 885 1589 998 169

441 1184 539 1263 sonte
560 1183 741 1245 Salvatoris
763 1184 885 1256 ebrius,
906 1192 936 1247 et
956 1187 1046 1263 apud
1066 1186 1261 1265 diligentem
1280 1202 1401 1252 omnes.
1419 1184 1591 1245 dilectione

449 1284 639 1360 precipuus,
664 1283 822 1344 senilibus
847 1285 1002 1346 membris
1017 1296 1032 1323 ⁸
1042 1288 1231 1365 somentum
1255 1284 1362 1345 balnei
1376 1284 1485 1344 noluit
1498 1285 1591 1343 adhi-

451 1384 534 1454 bere,
546 1387 702 1463 quoniam
715 1384 799 1444 inter
810 1384 994 1446 balneantes
1007 1386 1185 1447 hereticum
1199 1384 1415 1447 cherinthum
1426 1385 1592 1462 conspexit

450 1486 591 1546 residere
605 1490 626 1556 ¹,
643 1485 774 1545 credens
789 1485 845 1545 illi
859 1485 946 1546 nihil
968 1505 1034 1547 esse
1049 1485 1220 1565 publicum
1237 1485 1325 1566 [cum
1344 1482 1426 1563 illo]‚
1443 1484 1503 1565 qui
1518 1502 1591 1561 per-

407 1602 421 1654 5
442 1585 530 1663 fidia
544 1603 606 1645 sua
624 1602 658 1645 se
677 1584 880 1647 subtraxerit
900 1606 919 1645 a
942 1590 1111 1648 consortio
1124 1588 1398 1662 christianorum,
1414 1586 1592 1664 docensque

449 1685 578 1746 nullam
590 1685 771 1746 habendam
783 1689 1045 1747 communionem
1057 1706 1132 1748 cuin
1146 1687 1226 1757 illis,
1236 1689 1295 1765 qui
1306 1704 1365 1762 per
1376 1686 1513 1746 heresim
1524 1703 1591 1746 sese

448 1786 622 1862 precidunl
633 1804 652 1846 a
663 1804 799 1863 corpore
811 1785 949 1857 Christi,
962 1786 1105 1868 quiquel
1116 1806 1175 1862 per
1185 1785 1458 1862 avaritiamfiunt
1470 1788 1590 1865 sagitte

447 1888 583 1950 diaboli.
609 1889 719 1949 dentes
745 1888 782 1947 in
808 1887 962 1961 saucibus
989 1890 1201 1961 Anti'christi,
1234 1888 1372 1949 subdola
1400 1888 1589 1965 viperarum

450 1989 634 2067 progenies,
644 2005 776 2067 organa
789 1990 946 2065 serpentis
958 1989 1100 2068 antiqui.
1112 1988 1313 2051 Cherinlhus
1326 1990 1361 2048 in
1373 2006 1439 2067 quo
1450 1989 1591 2049 deterior

394 2108 425 2146 ιο
452 2088 607 2150 Otberto?
624 2087 823 2148 cherinthus
837 2090 905 2149 sola
918 2090 1043 2167 jraude
1058 2090 1218 2151 catholice
1224 2087 1308 2165 fidei
1321 2092 1445 2159 nocuit,
1462 2089 1592 2150 callidi·

450 2194 515 2250 tale
529 2186 665 2266 perfidie
678 2206 736 2249 sue
751 2206 972 2268 quoscumque
994 2191 1103 2264 potuit
1125 2191 1167 2249 ad
1189 2206 1381 2250 consensum
1397 2190 1452 2248 sui
1466 2189 1591 2249 erroris

450 2289 600 2350 attraxit.
619 2287 773 2349 Olbertus
788 2291 959 2363 pecuniam
976 2291 1064 2350 dedit
1077 2295 1113 2351 ut
1125 2291 1286 2351 hereticus
1293 2287 1402 2363 fieret,
1417 2296 1453 2348 ul
1460 2289 1591 2367 fornax

450 2390 640 2467 cupiditatis
665 2396 693 2449 el
719 2390 860 2449 avaritie
886 2392 1042 2467 templum
1065 2396 1166 2452 totius
1188 2393 1363 2471 religionis
1387 2399 1418 2451 et
1443 2393 1591 2452 ueritatis

451 2490 611 2551 obrueret.
624 2494 654 2551 et
666 2490 758 2550 omni
767 2491 926 2568 spurcitie
938 2491 1331 2572 insectus-inquinatione,
1346 2497 1456 2552 sancta
1467 2498 1591 2552 sancto·

394 2613 423 2665 ις
453 2610 527 2652 rum
548 2593 618 2651 suis
637 2592 932 2663 maledictionibus,
952 2593 983 2652 si
1003 2598 1054 2663 tas
1073 2598 1119 2653 est
1139 2592 1217 2661 dici,
1239 2594 1488 2652 contaminaret.
1510 2592 1591 2653 Ecce

451 2709 548 2752 uerus
569 2692 771 2752 Antichrisli
796 2692 935 2760 satelles,
959 2711 1081 2753 currus
1106 2693 1249 2754 Sathane
1270 2698 1299 2753 el
1314 2692 1428 2770 fidelis
1454 2696 1590 2771 auriga,

452 2792 629 2851 Simonis‘
655 2793 748 2869 magi
773 2794 910 2871 quedam
937 2793 1125 2853 similitudo
1152 2810 1240 2865 uera,
1265 2793 1404 2854 molitur
1429 2794 1593 2855 destruere

453 2910 596 2972 regnum
620 2891 758 2957 Christi.
781 2893 861 2952 dum
884 2899 992 2953 sancte
1013 2894 1132 2953 matris
1152 2894 1280 2954 ecclesie
1298 2899 1420 2954 stolum
1443 2895 1594 2973 persequi

455 3011 519 3054 non
531 2994 668 3060 desistit,
681 3007 710 3052 ei
723 2995 757 3052 in
771 3011 890 3071 corpus
900 3012 998 3053 suum
1012 2994 1187 3072 trajicere³
1196 2994 1332 3061 laborat.
1344 3013 1426 3076 quos
1438 2995 1593 3057 Christus

395 3117 429 3156 io
455 3115 572 3158 cruore
594 3114 655 3155 suo
681 3096 818 3154 redemit
841 3103 871 3156 et
895 3098 998 3174 pascit
1020 3101 1049 3156 et
1074 3102 1173 3170 potat.
1200 3097 1298 3158 Tanti
1317 3099 1434 3174 capitis
1456 3104 1593 3158 mortem

454 3199 653 3259 exinanire‘
674 3198 775 3271 cupit,
802 3215 937 3276 ovesque
964 3204 1053 3258 lanto
1077 3200 1197 3258 sudore
1223 3199 1407 3259 Salvatoris
1432 3202 1590 3272 inventas,

455 3299 555 3368 leoni,
588 3300 647 3376 qui
678 3315 805 3373 semper
836 3302 1027 3357 animarum
1059 3305 1250 3357 nostrarum
1284 3302 1480 3377 sanguinein
1510 3301 1591 3370 silit,

454 3398 592 3475 prodere
606 3417 670 3458 ion
683 3397 859 3476 formidat.
877 3398 979 3457 imino
993 3415 1104 3456 omnes
1129 3401 1162 3456 in
1184 3397 1378 3458 obliuionem
1403 3401 1550 3460 ueritatis
1564 3405 1592 3460 el

455 3499 570 3559 odium
592 3499 765 3576 religionis
787 3516 894 3557 secum
914 3500 1109 3574 precipitare
1130 3497 1276 3572 festinat.
1301 3499 1398 3577 Ergo
1412 3501 1489 3578 quia
1507 3519 1594 3560 nunc

397 3622 428 3673 25
458 3607 602 3674 tempora
613 3601 808 3677 periculosa,
819 3618 881 3677 que
892 3601 1046 3670 praedixit
1058 3601 1236 3674 apostolus.
1248 3601 1378 3667 instant.
1387 3620 1497 3661 omnes
1507 3602 1594 3681 quod

456 3700 599 3776 professi
611 3706 701 3772 sunl,
715 3719 779 3761 esse
790 3701 998 3761 contendant.
1012 3699 1052 3759 Si
1062 3699 1140 3760 tuba
1153 3699 1297 3760 Sathane
1307 3703 1457 3779 grauiter
1469 3705 1595 3763 intonat

456 3807 484 3862 el
513 3802 745 3877 temporalium
776 3801 938 3861 bonorum
966 3803 1118 3861 minatur
1145 3802 1329 3876 dispendia,
1358 3805 1469 3862 carnis
1497 3805 1593 3862 eliam

454 3903 649 3982 quandoque
674 3905 833 3962 moriture
857 3903 1010 3961 admonet
1034 3919 1144 3976 penas,
1174 3907 1276 3961 lotum
1302 3902 1439 3962 libenter
1469 3902 1596 3963 Christi

455 4005 594 4078 excipiat
627 4004 762 4067 karitas.
802 4010 837 4064 ul
873 4020 975 4080 neque
1006 4020 1095 4062 mors
1130 4021 1231 4082 neque
1258 4005 1324 4063 iila
1354 4022 1455 4083 neque
1482 4004 1595 4083 aliqua

397 4124 430 4174 30
456 4109 609 4164 creatura
632 4109 750 4163 terreat
773 4121 830 4163 nos
845 4123 864 4162 a
879 4101 1068 4174 defensione
1086 4103 1233 4163 ueritatis
1248 4109 1278 4162 el
1293 4103 1359 4163 zelo
1371 4104 1509 4179 justitie,
1528 4110 1562 4163 ul
1577 4123 1596 4163 a

454 4208 585 4284 gremio
608 4207 725 4265 matris
745 4208 874 4266 ecclesie
895 4223 1095 4281 nequeamus
1117 4205 1226 4275 auelli,
1242 4210 1272 4264 el
1286 4223 1305 4264 a
1320 4209 1434 4264 semila
1454 4204 1598 4265 Romane

454 4305 639 4367 exorbitare
652 4307 748 4366 sedis.
774 4306 983 4383 Quapropter
1005 4323 1072 4377 iios,
1096 4323 1116 4364 o
1137 4307 1238 4365 amici
1252 4305 1324 4373 Dei,
1340 4310 1369 4365 el
1387 4323 1487 4384 usque
1502 4309 1598 4365 modo

455 4407 601 4468 veritatis
620 4412 649 4466 el
670 4407 853 4466 sanctitatis
874 4412 1047 4478 amatores,
1071 4407 1178 4467 locum
1201 4412 1355 4475 vestium,
1379 4408 1413 4467 id
1433 4412 1480 4467 esl
1493 4405 1595 4482 fidem

486 4602 512 4635 a.
532 4583 658 4635 menbris
668 4584 706 4634 A.
720 4610 751 4620 -
770 4581 793 4633 b.
812 4582 892 4633 Dans
904 4584 941 4645 A,
953 4583 1192 4650 ‹iprisquiquean
1204 4582 1313 4651 litque.
1326 4611 1359 4622 -
1375 4599 1398 4634 c.
1412 4581 1545 4651 symonis
1556 4584 1594 4635 A.

396 4681 426 4733 35
455 4697 486 4708 -
503 4670 529 4723 d.
549 4671 688 4722 trahicere
700 4670 737 4721 A.
753 4696 780 4706 —
800 4686 822 4719 e.
841 4669 956 4720 exin-are
968 4671 1005 4722 A.

489 4951 497 4978 ¹
518 4943 645 5006 Eusene,
660 4941 737 4995 Hi'si.
748 4942 822 5004 eccl„
837 4940 885 5004 IV,
902 4956 941 5003 ιι.
