4450 6125
518 957 524 970 .
563 892 639 1006 198
764 896 1075 979 cantatorium
1104 896 1197 975 sive
1232 891 1482 974 chronicon

555 1195 760 1275 persisteret,
783 1215 825 1259 an
844 1197 979 1260 ecclesie
1001 1196 1086 1258 olim
1108 1193 1172 1257 sibi
1190 1191 1374 1256 commisse
1394 1192 1534 1275 jamque
1555 1191 1697 1255 omnino

551 1295 721 1359 deficienti
748 1308 921 1360 revertens
946 1296 1149 1360 consuleret.
1174 1295 1363 1357 Verebatur
1387 1292 1495 1368 enim,
1517 1303 1696 1357 accusante

552 1398 769 1474 conscientia,
787 1399 922 1479 publice
942 1395 1203 1479 vituperationis
1225 1392 1415 1469 infamiam,
1436 1411 1478 1456 ne
1496 1393 1693 1456 reconcilia-

552 1508 608 1560 tus
619 1497 760 1561 Otberto
771 1510 786 1537 ⁶
802 1499 974 1561 videretur
989 1516 1008 1560 a
1027 1516 1103 1559 vere
1119 1495 1198 1559 fidei
1215 1494 1512 1577 perseverantibus
1523 1502 1690 1576 apostata.

551 1598 611 1681 qui
636 1602 711 1678 ejus
736 1602 899 1662 hactenus
924 1611 974 1662 tot
1001 1598 1155 1678 probatis
1179 1596 1430 1659 invectionibus
1455 1595 1692 1677 predicaverat
1732 1617 1743 1668 5

550 1701 768 1780 apostasiam.
786 1702 852 1765 Sed
869 1702 984 1781 sepius
1000 1707 1187 1762 retractans
1203 1715 1270 1760 non
1291 1697 1364 1761 sine
1377 1697 1497 1762 divino
1512 1706 1601 1762 nutu
1616 1715 1692 1781 pro-

550 1803 681 1865 venisse
705 1802 855 1866 huncio
882 1804 985 1865 rebus
1006 1810 1078 1864 tam
1106 1808 1282 1864 mutatum
1309 1808 1452 1882 tamque
1476 1801 1692 1882 insperatum

550 1914 726 1978 eventum,
756 1922 934 1966 assumens
967 1920 1082 1965 secum
1116 1903 1284 1983 quosdam
1316 1918 1463 1964 suorum
1494 1903 1693 1983 properavit

550 2005 728 2069 Leodium.
752 2006 800 2067 lbi
819 2003 1109 2068 occurrentibus⁶
1129 2004 1192 2066 sibi
1212 2013 1307 2066 extra
1327 2002 1501 2066 civitatem
1519 2002 1692 2067 archidia-

548 2107 642 2168 conis
675 2105 920 2169 officiosissime
936 2113 957 2181 ¹,
993 2124 1073 2170 cum
1109 2124 1144 2168 se
1176 2104 1306 2167 eisdem
1333 2104 1519 2167 comitatus
1547 2103 1692 2169 Otberto
1720 2125 1747 2163 ιο

549 2216 772 2288 presentaret,
796 2208 970 2280 otbertus,
999 2218 1036 2270 ut
1063 2206 1128 2270 sibi
1143 2225 1225 2269 eum
1249 2205 1466 2269 affectuosius
1489 2208 1691 2284 attraheret,

548 2330 664 2374 coram
685 2314 772 2376 duce
793 2313 976 2376 Godelrido
996 2314 1148 2395 itemque
1169 2312 1379 2394 primoribus
1396 2311 1546 2376 civitatis
1565 2314 1694 2379 obtulit

548 2412 577 2476 ei
605 2414 787 2491 justiciam,
811 2416 853 2476 dc
878 2433 917 2477 ea
938 2433 1043 2495 quam
1063 2414 1186 2478 lecerat
1207 2413 1393 2476 discedenti
1414 2412 1555 2492 injuria.
1577 2415 1692 2494 Quam

549 2514 628 2578 licet
649 2532 728 2595 egre
747 2515 960 2597 Berengerus
982 2517 1076 2579 visus
1096 2527 1147 2579 est
1168 2513 1365 2596 suscepisse,
1391 2531 1430 2577 ea
1450 2522 1568 2579 tamen
1589 2517 1632 2580 ab
1653 2536 1693 2582 eo

548 2615 597 2676 illi
626 2614 827 2695 interposita
856 2616 1063 2690 conditione,
1091 2627 1131 2679 ut
1155 2615 1320 2698 quicquid
1350 2633 1413 2698 per
1436 2615 1690 2682 Wolbodonem
1720 2635 1745 2686 ¹5

547 2717 741 2797 dispersum
762 2718 954 2797 deperierat
973 2717 1122 2793 ecclesie,
1145 2736 1207 2780 suo
1227 2718 1332 2782 statui
1352 2716 1611 2796 reformaretur,
1632 2721 1691 2785 illo

547 2826 736 2893 annuente;
761 2819 807 2880 sic
829 2820 1044 2881 deosculatus
1069 2839 1151 2882 eum
1176 2837 1294 2883 secum
1318 2820 1434 2882 sedem
1460 2820 1689 2898 recollocavit,

548 2919 667 2981 multis
683 2937 750 2981 non
765 2920 877 2981 solum
896 2920 1103 2983 mirantibus
1122 2920 1179 2983 sed
1197 2930 1230 2983 et
1245 2920 1481 2984 scandalizatis
1491 2932 1514 2991 ‘.
1531 2923 1631 3004 quasi
1648 2941 1690 2988 ex

545 3032 617 3084 tam
639 3020 752 3084 subita
774 3021 1028 3102 permutatione
1043 3023 1130 3085 tanti
1146 3022 1222 3097 viri,
1238 3040 1343 3105 quem
1365 3022 1484 3108 utique
1503 3025 1689 3091 credebant

547 3123 642 3185 nullo
659 3124 760 3186 modo
775 3142 793 3185 a
811 3125 916 3204 priori
932 3127 1099 3187 sententia
1121 3144 1219 3205 posse
1239 3125 1365 3200 divelli,
1383 3144 1466 3190 cum
1480 3126 1551 3203 ille,
1569 3137 1609 3192 ut
1622 3129 1687 3193 sibi
1714 3143 1745 3183 το

545 3225 737 3297 videbatur,
753 3243 870 3287 coram
888 3226 955 3287 Deo
969 3244 1109 3288 securus
1125 3225 1330 3289 conscientie
1350 3244 1411 3290 sue
1424 3236 1458 3290 et
1473 3228 1687 3305 intentionis,

546 3343 614 3387 non
633 3327 695 3387 hoc
710 3336 826 3405 ageret
840 3329 950 3408 gratia
966 3328 1110 3405 alicuius
1131 3328 1340 3404 ambitionis,
1359 3330 1417 3391 sed
1433 3342 1474 3393 ut
1488 3331 1688 3396 subveniret

545 3428 681 3492 ecclesie
697 3429 902 3508 periclitanti
919 3439 952 3491 et
967 3427 1131 3491 fratribus
1146 3431 1189 3492 ab
1204 3448 1242 3492 ea
1257 3430 1430 3512 dispersis.

585 3634 643 3692 80.
660 3631 740 3710 (qq.)
764 3629 823 3690 llis
834 3629 961 3691 auditis
972 3629 998 3702 d,
1012 3631 1117 3692 abbas
1130 3631 1358 3695 Theodericus
1368 3645 1390 3708 ‘‚
1404 3634 1465 3716 qui
1476 3642 1562 3698 tunc
1576 3652 1688 3699 mora·

547 3732 648 3792 batur
667 3729 784 3800 Cunis,
808 3728 928 3791 fratres
947 3748 1027 3792 suos
1045 3731 1087 3791 ad
1108 3732 1291 3795 consilium
1310 3734 1475 3809 evocavit,
1494 3743 1530 3797 et
1548 3734 1633 3817 quid
1650 3734 1685 3799 in
1713 3760 1741 3812 ις

545 3831 603 3893 tali
626 3833 761 3912 negotio
781 3850 868 3910 opus
887 3842 973 3893 esset
993 3832 1056 3894 sibi
1078 3835 1252 3915 agendum
1269 3835 1459 3918 inquisivit.
1479 3836 1686 3903 lambertus

546 3931 665 4010 major,
694 3942 731 3993 ut
752 3942 824 3993 erat
847 3932 899 3992 vir
921 3933 1065 4006 consilii,
1086 3933 1239 4015 itemque
1262 3935 1436 4013 Wiredus,
1461 3935 1633 4003 Robertus
1652 3948 1686 4003 ct

545 4032 711 4097 Rainerus
737 4033 989 4112 responderunt
1014 4035 1216 4109 consulenti,
1241 4036 1370 4117 gratias
1394 4039 1545 4120 agendas
1569 4039 1685 4105 divine

542 4135 766 4215 dispositioni,
791 4135 882 4215 quod
910 4146 1024 4214 preter
1047 4152 1143 4215 spem
1169 4137 1328 4200 omnium
1350 4156 1472 4203 eorum
1497 4138 1614 4205 locum
1636 4142 1685 4206 eis

575 4333 601 4365 a.
622 4315 700 4365 llum
712 4316 748 4375 Α,
762 4334 794 4364 un
807 4315 840 4365 lit
851 4314 982 4374 Otberto,
996 4333 1056 4366 arec
1072 4317 1095 4366 le
1110 4320 1185 4384 εἰμι(
1199 4317 1345 4386 adveniatis
1355 4319 1385 4369 dc
1401 4335 1443 4373 us.
1457 4348 1489 4359 -
1506 4320 1530 4377 b.
1549 4336 1682 4377 ocurren·
1708 4340 1738 4391 30

543 4404 617 4455 tibus
630 4404 666 4454 sl.
681 4434 711 4441 —
729 4422 751 4453 c.
771 4404 982 4455 scandalizantis
995 4405 1030 4457 el.
1051 4432 1075 4441 -·
1095 4407 1120 4455 tl.
1139 4406 1242 4457 auditis
1259 4410 1344 4474 repit!
1360 4407 1430 4459 dent·
1443 4408 1497 4471 sois
1513 4408 1582 4463 dm
1599 4410 1637 4467 Α.
1650 4440 1683 4452 -

541 4509 563 4544 e.
583 4491 754 4542 Ἰὐο(1ίυ5,’1.

574 4790 582 4817 ¹
600 4781 732 4838 th‘stttr,
746 4799 821 4833 onir.
834 4785 891 4841 riti,
905 4800 929 4833 c.
944 4797 984 4846 50.
998 4783 1091 4835 donne
1104 4784 1129 4835 la
1142 4785 1206 4836 date
1218 4785 1255 4836 du
1269 4796 1366 4837 retour
1377 4786 1426 4838 des
1439 4787 1549 4841 moines
1559 4790 1576 4840 d
1588 4786 1678 4841 Salat·

539 4868 660 4919 laurent
677 4886 682 4918 :
698 4886 751 4916 unu
768 4870 808 4916 dic
826 4868 908 4917 ‹tnrnl
921 4872 1017 4918 ilerum
1035 4872 1180 4925 rcdr'crunl.
1197 4888 1262 4937 qttuc
1276 4881 1333 4923 ern!
1351 4871 1442 4936 ru'gilr‘a
1454 4872 1523 4925 beati
1532 4872 1695 4927 Lamtis‘-

532 4959 653 5023 patrnnis
668 4964 749 5003 utrem
760 4954 876 5015 glorian.
893 4955 965 5005 deinc
980 4956 1004 5006 le
1017 4976 1032 5009 u
1045 4960 1120 5007 suin.
1699 4974 1727 5027 35
