4450 6125
651 823 705 928 76
864 819 1176 901 Cantatorium
1205 828 1298 902 siue
1334 823 1584 905 Chronicon

654 1001 912 1009 -—m.....-.-..-
1208 1002 1314 1011 ἡ

654 1129 730 1179 rant
751 1117 1002 1179 monasterium
1024 1122 1275 1181 monachorum
1294 1120 1330 1181 in
1350 1120 1494 1200 Alpibus
1510 1120 1720 1200 Appennini,
1738 1139 1796 1201 per

653 1228 784 1297 septem
798 1219 869 1278 dies
881 1217 1051 1292 detentus,
1065 1219 1110 1280 ibi
1129 1220 1253 1281 cotidie
1266 1221 1369 1300 pallio
1387 1239 1456 1282 uno
1470 1232 1674 1283 muneratus
1688 1233 1740 1284 est
1754 1224 1797 1285 ab

654 1319 714 1382 eis.
732 1320 767 1380 ln
783 1320 838 1380 die
854 1337 935 1380 vero
950 1321 1170 1399 digressionis
1184 1338 1255 1393 sue,
1273 1323 1353 1382 data
1368 1330 1418 1383 est
1436 1340 1535 1401 capsa
1558 1340 1625 1385 una
1645 1323 1797 1386 eburnea

656 1420 809 1500 reliquiis
822 1420 956 1481 Claudii
973 1420 1152 1499 martyris¹
1167 1422 1317 1498 preciosa
1327 1435 1353 1489 α,
1370 1440 1475 1500 quam
1488 1440 1605 1484 secum
1617 1425 1795 1491 revehens.

655 1520 691 1581 in
708 1521 822 1602 vigilia
838 1520 1101 1600 sollempnitatis
1116 1521 1204 1582 beati
1223 1522 1365 1583 Huberti
1378 1522 1391 1561 ὁ
1406 1541 1484 1584 cum
1503 1525 1645 1584 honesta
1665 1540 1797 1602 proces

657 1620 763 1692 sione,
778 1620 1034 1699 responsorium
1049 1619 1140 1681 Civis
1154 1623 1422 1697 ‘apostotorum'
1434 1624 1649 1691 decantante,
1662 1623 1799 1685 ecclesie

659 1720 786 1782 intulit.
817 1723 857 1782 Et
884 1740 924 1781 ex
952 1731 1043 1793 tune,
1073 1721 1108 1781 in
1134 1724 1254 1784 eadem
1280 1722 1334 1782 die
1361 1741 1441 1784 cum
1470 1724 1801 1784 commemoratione

659 1823 802 1904 Benigni
826 1823 988 1901 martyris
1008 1815 1279 1892 Divionensisffl,
1304 1824 1438 1885 Claudii
1462 1840 1600 1905 quoque
1622 1822 1798 1885 celebrita-

659 1936 727 1984 tem
744 1925 914 2003 agendam
930 1924 1107 1985 communi
1123 1941 1261 1985 assensu
1278 1924 1552 2005 congregationis
1567 1922 1732 1986 instituit.

504 2124 650 2178 ¹074·¹075·
701 2107 758 2165 26.
774 2103 854 2177 tio.)
866 2103 973 2163 Cum⁴
986 2121 1066 2164 vero
1079 2104 1280 2166 Theoduino
1294 2104 1470 2167 leodiensi
1481 2094 1657 2183 episeopo⁵
1669 2103 1802 2166 litteras
1829 2122 1853 2159 ιο

662 2221 746 2283 pape
772 2222 835 2283 pro
860 2202 1044 2265 Godeirido
1066 2205 1097 2264 ei
1125 2207 1243 2266 missas
1270 2204 1472 2267 reddidisset
1484 2222 1508 2274 r,
1535 2214 1569 2264 et
1594 2204 1700 2283 paulo
1726 2213 1805 2284 post

660 2305 879 2387 privilegium
902 2305 1096 2367 Romanum
1119 2294 1141 2367 ⁶.
1173 2308 1264 2387 quod
1295 2309 1368 2379 eius
1396 2306 1609 2367 concessione
1637 2315 1672 2366 et
1702 2305 1805 2367 laude

692 2487 718 2521 a.
739 2468 818 2518 Dans
833 2469 870 2522 Α,
891 2467 1019 2534 reliquiis
1036 2467 1139 2518 claudii
1159 2468 1284 2533 preciosa
1302 2467 1432 2534 martyris
1449 2482 1518 2516 corr.
1534 2482 1565 2514 ea
1583 2479 1605 2515 r.
1624 2480 1648 2517 c.
1670 2480 1708 2517 nr.
1727 2480 1755 2530 p.
1774 2493 1808 2502 -

662 2556 684 2607 b.
704 2555 784 2606 Dans
799 2556 836 2611 el,
857 2555 951 2621 vigilia
971 2556 1044 2606 beati
1066 2554 1188 2606 Huberti
1208 2553 1427 2619 sollempnitatis
1445 2569 1513 2602 corr.
1531 2567 1562 2600 ea
1583 2567 1609 2600 v.
1628 2565 1650 2601 s.
1669 2549 1696 2602 b.
1718 2549 1756 2603 Η.
1775 2578 1810 2589 -

661 2661 683 2696 c.
702 2642 787 2693 Cives
803 2649 860 2691 tous
875 2641 911 2691 les
927 2643 1091 2691 ananuscrits
1105 2648 1130 2690 et
1147 2648 1227 2690 toules
1244 2639 1281 2689 les
1296 2639 1423 2693 editions:
1440 2654 1489 2687 sur
1503 2645 1566 2686 cette
1576 2638 1734 2692 correction,
1750 2653 1809 2704 ooy.
1841 2650 1868 2702 15

663 2739 720 2780 note
732 2745 756 2781 2.
771 2759 803 2768 -
821 2730 846 2781 d.
867 2728 1049 2780 Dinionensis
1061 2728 1098 2779 A.
1112 2757 1145 2764 -
1162 2745 1184 2779 e.
1204 2727 1341 2777 reddisset
1354 2726 1390 2778 .·l.

699 2989 705 3015 ¹
725 2980 804 3031 Saint
828 2979 944 3039 Claude,
964 2980 1140 3044 archeveque
1161 2978 1196 3028 de
1219 2976 1374 3039 Besaneon,
1397 2983 1511 3025 mourut
1534 2972 1585 3040 ege
1604 2973 1640 3023 de
1659 2971 1693 3023 86
1712 2987 1765 3023 ans
1785 2982 1818 3024 et

665 3068 822 3120 nullement
841 3077 947 3133 martyr
963 3082 998 3116 en
1012 3066 1070 3131 699.
1089 3065 1139 3116 Ses
1156 3065 1278 3130 reliques
1296 3062 1389 3114 iurent
1407 3060 1519 3113 briilees
1534 3076 1569 3110 au
1587 3068 1716 3110 moment
1732 3058 1771 3110 de
1788 3059 1818 3112 la

666 3154 852 3212 Revolution;
868 3152 886 3202 il
900 3169 935 3203 en
947 3153 1071 3218 echappa
1084 3151 1221 3218 quelques
1234 3151 1346 3215 parties,
1360 3164 1415 3215 que
1427 3147 1484 3198 l'on
1498 3146 1601 3197 venere
1616 3145 1817 3212 aujourd'laui.

665 3240 751 3300 Gmr,
769 3240 812 3288 l'ie
823 3240 865 3289 des
877 3241 970 3294 saints,
987 3246 1006 3288 t.
1021 3238 1057 3298 ll,
1072 3254 1099 3303 p.
1111 3252 1169 3299 ⁴¹2·
1183 3237 1259 3287 (I'est
1271 3237 1306 3287 de
1319 3235 1358 3285 lui
1371 3234 1438 3301 qu’il
1450 3233 1529 3300 s'agit
1541 3232 1686 3291 ei-dessus,
1701 3230 1818 3300 malgre
1846 3253 1880 3290 ιο

666 3325 876 3377 l'inexactitude
891 3326 925 3375 de
941 3324 1134 3390 l’appellation
1151 3322 1186 3373 de
1204 3332 1320 3388 martyr,
1333 3336 1444 3371 comme
1456 3319 1482 3369 le
1495 3332 1603 3383 prouve
1619 3316 1818 3371 l'assoeiation

664 3413 762 3463 deson
775 3412 850 3462 culte
861 3427 927 3461 avec
940 3411 1013 3461 celui
1025 3411 1060 3461 de
1072 3411 1145 3460 saint
1159 3408 1294 3475 Benigne,
1307 3417 1387 3457 autre
1399 3406 1471 3457 saint
1484 3404 1693 3471 bourguignon.

700 3506 708 3532 ²
727 3499 767 3548 (Ie
787 3499 993 3563 responsorium,
1017 3513 1072 3562 que
1093 3496 1150 3545 l’on
1172 3496 1243 3546 croit
1264 3495 1342 3544 avoir
1360 3492 1405 3543 ete
1422 3490 1556 3557 compose
1572 3492 1588 3539 a
1606 3489 1761 3541 l’oceasion
1779 3490 1821 3543 de

666 3587 784 3639 l'entree
801 3590 816 3637 a
835 3586 925 3638 Rome
941 3588 975 3637 de
997 3586 1086 3652 l‘epin
1105 3585 1132 3635 le
1150 3583 1218 3634 llrel
1231 3599 1268 3635 ou
1280 3584 1315 3634 de
1328 3581 1541 3648 Charlemagne,
1554 3587 1597 3629 est
1608 3578 1679 3629 ainsi
1695 3591 1819 3643 consu:

669 3673 742 3723 Ciuis
750 3672 937 3738 Apostolorum
949 3680 973 3721 et
986 3672 1142 3721 domesticus
1153 3670 1206 3720 Da·
1214 3670 1320 3719 advenit
1331 3668 1405 3717 leoetie
1414 3674 1524 3732 portans
1529 3680 1632 3731 pacem,
1647 3662 1821 3718 illuminans
1851 3682 1881 3734 25

666 3761 794 3822 patriam.
804 3759 880 3809 Dare
886 3774 977 3824 pacem
985 3757 1106 3823 gentihus
1115 3765 1138 3806 ct
1147 3755 1258 3806 liberare
1264 3753 1393 3821 populum
1404 3753 1527 3803 Domini.
1536 3751 1611 3802 C’est
1621 3749 1648 3801 le
1658 3750 1767 3817 repens
1781 3759 1822 3803 ιε’

667 3845 703 3895 de
717 3843 816 3893 l'ollice
827 3843 919 3893 actuel
931 3842 966 3892 de
979 3844 1048 3893 saint
1062 3842 1185 3904 ilubain,
1199 3850 1300 3906 patron
1311 3839 1348 3890 du
1360 3839 1472 3890 diocese
1482 3838 1518 3888 de
1530 3836 1649 3887 Namur.

701 3937 712 3974 3
733 3928 770 3978 la
792 3929 927 3979 memuire
947 3929 982 3979 de
1003 3930 1075 3978 saint
1094 3927 1230 3994 Benigne,
1250 3930 1348 3992 apotre
1369 3925 1403 3975 de
1424 3924 1450 3974 la
1470 3923 1638 3991 Bourgogne
1655 3930 1684 3973 et
1703 3934 1822 3991 martyr

669 4015 748 4082 (vers
763 4017 833 4080 170),
848 4030 877 4064 se
889 4014 1000 4065 celebre
1012 4013 1039 4064 le
1052 4016 1083 4065 28
1096 4014 1261 4065 novembre.

702 4110 714 4145 ⁴
731 4101 789 4152 Ctr.
811 4100 869 4150 Vita
885 4100 1044 4154 Theoderici.
1058 4116 1083 4151 c.
1098 4113 1138 4163 25.
1853 4120 1887 4171 ῃ

704 4196 712 4233 5
731 4188 793 4256 Voy
816 4188 960 4249 ci-dessus,
974 4204 998 4239 c.
1012 4187 1050 4252 6(
1057 4189 1111 4253 1o),
1126 4204 1152 4252 p.
1171 4190 1208 4249 ιδ,
1223 4203 1250 4237 n.
1266 4200 1290 4250 3.

701 4275 713 4311 ⁶
731 4276 772 4327 Le
794 4274 852 4324 Vita
875 4274 1033 4330 Theoderici,
1056 4290 1080 4325 c.
1101 4288 1142 4338 25,
1162 4283 1204 4324 est
1225 4275 1258 4325 ici
1281 4273 1345 4339 plus
1362 4271 1496 4337 explicite
1516 4286 1522 4319 ε
1546 4269 1623 4337 Quod
1634 4269 1826 4337 privilegiatus

670 4364 798 4415 Rerrteasi
813 4362 854 4412 vel
866 4362 1018 4413 Trevireasi
1032 4362 1234 4428 archiepiscopo,
1254 4378 1285 4410 ac
1302 4360 1479 4411 Lauduaensi
1491 4366 1516 4408 ct
1532 4357 1672 4409 leodiensi
1684 4359 1823 4426 episcopo,

671 4452 749 4514 eujus
759 4452 834 4512 juris
850 4458 906 4498 erat
923 4452 979 4515 ipsa
995 4449 1101 4498 ecclesia
1119 4449 1148 4514 (a
1162 4450 1253 4499 raison
1266 4448 1315 4498 des
1328 4445 1486 4513 proprietes
1498 4446 1533 4496 de
1545 4443 1673 4512 l'abbaye
1683 4444 1759 4496 dans
1773 4461 1827 4499 0oe

672 4535 818 4587 dillerents
840 4537 990 4601 dioceses),
1010 4541 1059 4603 per
1080 4536 1191 4585 ctendem
1214 4534 1330 4584 abbatem
1353 4550 1414 4583 cum
1438 4532 1534 4583 litteris
1555 4528 1707 4597 apostolicis
1730 4532 1823 4592 misit,
1857 4554 1888 4606 35

672 4620 807 4670 olsecraas
820 4629 848 4670 ut
860 4622 928 4688 quod
939 4621 1041 4671 utiliter
1051 4620 1215 4687 supplicanti
1225 4620 1312 4670 ablati
1318 4625 1369 4688 pro
1381 4618 1496 4669 utilitate
1506 4634 1569 4667 suae
1578 4614 1702 4667 eeclesiae
1716 4634 1829 4671 conces-

673 4714 752 4761 serat,
774 4709 826 4772 ipsi
842 4724 890 4756 sua
909 4707 1271 4771 adstipulationefirrrmrent
1288 4714 1311 4755 et
1328 4722 1377 4755 sua
1397 4703 1586 4766 subscriptione
1605 4700 1827 4758 corroborarent.

673 4793 795 4859 Acceptis
810 4794 956 4859 apostolicis
973 4792 1086 4859 epistolis
1104 4795 1183 4842 reteri
1199 4798 1395 4844 consenserunt,
1414 4789 1486 4839 solus
1501 4787 1688 4840 Leodiensium
1706 4790 1829 4842 onustes

678 4879 857 4935 Ylieoluinus,
874 4879 1005 4945 irriptelsus
1020 4878 1138 4929 consiliis
1153 4895 1243 4928 corum
1260 4877 1353 4946 qieitus
1368 4879 1458 4927 orrtnia
1471 4876 1577 4927 honesto
1588 4880 1667 4939 atque
1677 4872 1829 4930 inhonesta

676 4966 784 5015 venare
795 4969 876 5016 moris
886 4975 952 5020 erat.
968 4965 1072 5016 litteras
1082 4964 1236 5031 apostolicae
1246 4963 1345 5029 repulit
1858 4981 1895 5028 40
