<?xml version="1.0" encoding="UTF-8"?>
<!DOCTYPE html PUBLIC "-//W3C//DTD XHTML 1.0 Transitional//EN"
    "http://www.w3.org/TR/xhtml1/DTD/xhtml1-transitional.dtd">
<html xmlns="http://www.w3.org/1999/xhtml" xml:lang="en" lang="en">
 <head>
  <title>
</title>
<meta http-equiv="Content-Type" content="text/html;charset=utf-8" />
  <meta name='ocr-system' content='tesseract 3.04.00' />
  <meta name='ocr-capabilities' content='ocr_page ocr_carea ocr_par ocr_line ocrx_word'/>
</head>
<body>
  <div class='ocr_page' id='page_1' title='image "./lachroniquedesa00minogoog_0105.png"; bbox 0 0 4450 6125; ppageno 0'>
   <div class='ocr_carea' id='block_1_1' title="bbox 858 811 1626 955">
    <p class='ocr_par' dir='ltr' id='par_1_1' title="bbox 858 811 1626 955">
     <span class='ocr_line' id='line_1_1' title="bbox 858 811 1626 955; baseline 0.004 -22"><span class='ocrx_word' id='word_1_1' title='bbox 858 853 1012 933; x_wconf 79' lang='lat' dir='ltr'><em>Sancti</em></span> <span class='ocrx_word' id='word_1_2' title='bbox 1043 851 1254 933; x_wconf 71' lang='lat' dir='ltr'>Haterii.</span> <span class='ocrx_word' id='word_1_3' title='bbox 1420 811 1422 815; x_wconf 11' lang='lat' dir='ltr'>V</span> <span class='ocrx_word' id='word_1_4' title='bbox 1572 853 1626 955; x_wconf 84' lang='lat'>43</span> 
     </span>
    </p>
   </div>
   <div class='ocr_carea' id='block_1_2' title="bbox 416 1145 1629 3148">
    <p class='ocr_par' dir='ltr' id='par_1_2' title="bbox 416 1145 1629 3148">
     <span class='ocr_line' id='line_1_2' title="bbox 486 1145 1629 1229; baseline 0.005 -23"><span class='ocrx_word' id='word_1_5' title='bbox 486 1152 527 1206; x_wconf 93' lang='lat' dir='ltr'>ut</span> <span class='ocrx_word' id='word_1_6' title='bbox 551 1145 672 1227; x_wconf 87' lang='lat' dir='ltr'>viginti</span> <span class='ocrx_word' id='word_1_7' title='bbox 699 1147 831 1210; x_wconf 89' lang='lat' dir='ltr'>modios</span> <span class='ocrx_word' id='word_1_8' title='bbox 855 1165 961 1209; x_wconf 88' lang='lat' dir='ltr'>avene</span> <span class='ocrx_word' id='word_1_9' title='bbox 987 1155 1101 1210; x_wconf 88' lang='lat' dir='ltr'>nostre</span> <span class='ocrx_word' id='word_1_10' title='bbox 1129 1164 1288 1210; x_wconf 83' lang='lat' dir='ltr'>mensure</span> <span class='ocrx_word' id='word_1_11' title='bbox 1311 1150 1502 1229; x_wconf 86' lang='lat' dir='ltr'>prepositus</span> <span class='ocrx_word' id='word_1_12' title='bbox 1523 1151 1629 1212; x_wconf 83' lang='lat' dir='ltr'>Anse-</span> 
     </span>
     <span class='ocr_line' id='line_1_3' title="bbox 484 1247 1628 1329; baseline 0.003 -22"><span class='ocrx_word' id='word_1_13' title='bbox 484 1247 594 1308; x_wconf 91' lang='lat' dir='ltr'>romie</span> <span class='ocrx_word' id='word_1_14' title='bbox 615 1247 800 1329; x_wconf 84' lang='lat' dir='ltr'>quotannis</span> <span class='ocrx_word' id='word_1_15' title='bbox 820 1248 992 1310; x_wconf 83' lang='lat' dir='ltr'>exolveret</span> <span class='ocrx_word' id='word_1_16' title='bbox 1015 1248 1204 1324; x_wconf 90' lang='lat' dir='ltr'>comitatui,</span> <span class='ocrx_word' id='word_1_17' title='bbox 1228 1249 1362 1311; x_wconf 80' lang='lat' dir='ltr'><strong>villicus</strong></span> <span class='ocrx_word' id='word_1_18' title='bbox 1384 1267 1464 1312; x_wconf 93' lang='lat' dir='ltr'>vero</span> <span class='ocrx_word' id='word_1_19' title='bbox 1484 1250 1562 1311; x_wconf 89' lang='lat' dir='ltr'>ville</span> <span class='ocrx_word' id='word_1_20' title='bbox 1585 1250 1628 1311; x_wconf 88' lang='lat' dir='ltr'>de</span> 
     </span>
     <span class='ocr_line' id='line_1_4' title="bbox 486 1349 1626 1430; baseline 0.004 -22"><span class='ocrx_word' id='word_1_21' title='bbox 486 1364 692 1430; x_wconf 91' lang='lat' dir='ltr'>unaquaque</span> <span class='ocrx_word' id='word_1_22' title='bbox 707 1350 811 1410; x_wconf 92' lang='lat' dir='ltr'>domo</span> <span class='ocrx_word' id='word_1_23' title='bbox 830 1349 984 1429; x_wconf 89' lang='lat' dir='ltr'>ejusdem</span> <span class='ocrx_word' id='word_1_24' title='bbox 1006 1349 1184 1428; x_wconf 88' lang='lat' dir='ltr'>potestatis</span> <span class='ocrx_word' id='word_1_25' title='bbox 1206 1351 1364 1412; x_wconf 90' lang='lat' dir='ltr'>modium</span> <span class='ocrx_word' id='word_1_26' title='bbox 1387 1369 1498 1413; x_wconf 90' lang='lat' dir='ltr'>unum</span> <span class='ocrx_word' id='word_1_27' title='bbox 1519 1366 1626 1412; x_wconf 86' lang='lat' dir='ltr'>avene</span> 
     </span>
     <span class='ocr_line' id='line_1_5' title="bbox 484 1448 1624 1531; baseline 0.004 -22"><span class='ocrx_word' id='word_1_28' title='bbox 484 1448 635 1528; x_wconf 82' lang='lat' dir='ltr'>exigeret</span> <span class='ocrx_word' id='word_1_29' title='bbox 645 1468 709 1530; x_wconf 92' lang='lat' dir='ltr'>pro</span> <span class='ocrx_word' id='word_1_30' title='bbox 721 1449 885 1531; x_wconf 89' lang='lat' dir='ltr'>predictis</span> <span class='ocrx_word' id='word_1_31' title='bbox 900 1450 1024 1510; x_wconf 90' lang='lat' dir='ltr'>modiis</span> <span class='ocrx_word' id='word_1_32' title='bbox 1040 1449 1162 1531; x_wconf 86' lang='lat' dir='ltr'>viginti</span> <span class='ocrx_word' id='word_1_33' title='bbox 1177 1452 1416 1529; x_wconf 90' lang='lat' dir='ltr'>reponendum</span> <span class='ocrx_word' id='word_1_34' title='bbox 1428 1452 1624 1514; x_wconf 87' lang='lat' dir='ltr'>dominicali</span> 
     </span>
     <span class='ocr_line' id='line_1_6' title="bbox 438 1548 1625 1632; baseline 0.004 -22"><span class='ocrx_word' id='word_1_35' title='bbox 438 1570 453 1620; x_wconf 76' lang='grc' dir='ltr'><strong>ς</strong></span> <span class='ocrx_word' id='word_1_36' title='bbox 484 1549 577 1611; x_wconf 90' lang='lat' dir='ltr'>curie</span> <span class='ocrx_word' id='word_1_37' title='bbox 599 1556 620 1611; x_wconf 93' lang='lat'>¹.</span> <span class='ocrx_word' id='word_1_38' title='bbox 649 1550 692 1613; x_wconf 86' lang='lat' dir='ltr'>Et</span> <span class='ocrx_word' id='word_1_39' title='bbox 718 1551 778 1611; x_wconf 89' lang='lat' dir='ltr'>hec</span> <span class='ocrx_word' id='word_1_40' title='bbox 803 1549 952 1612; x_wconf 91' lang='lat' dir='ltr'>conditio</span> <span class='ocrx_word' id='word_1_41' title='bbox 979 1548 1115 1612; x_wconf 84' lang='lat' dir='ltr'>firmata</span> <span class='ocrx_word' id='word_1_42' title='bbox 1145 1558 1196 1612; x_wconf 88' lang='lat' dir='ltr'>est</span> <span class='ocrx_word' id='word_1_43' title='bbox 1226 1552 1376 1613; x_wconf 80' lang='lat' dir='ltr'>maxime</span> <span class='ocrx_word' id='word_1_44' title='bbox 1404 1553 1625 1632; x_wconf 90' lang='lat' dir='ltr'>poscentibus</span> 
     </span>
     <span class='ocr_line' id='line_1_7' title="bbox 484 1651 1624 1736; baseline 0.003 -25"><span class='ocrx_word' id='word_1_45' title='bbox 484 1651 629 1727; x_wconf 91' lang='lat' dir='ltr'>villanis,</span> <span class='ocrx_word' id='word_1_46' title='bbox 655 1651 716 1733; x_wconf 90' lang='lat' dir='ltr'>qui</span> <span class='ocrx_word' id='word_1_47' title='bbox 742 1670 803 1732; x_wconf 93' lang='lat' dir='ltr'>per</span> <span class='ocrx_word' id='word_1_48' title='bbox 824 1653 1037 1714; x_wconf 87' lang='lat' dir='ltr'>exactionem</span> <span class='ocrx_word' id='word_1_49' title='bbox 1059 1654 1243 1714; x_wconf 85' lang='lat' dir='ltr'>comitatus</span> <span class='ocrx_word' id='word_1_50' title='bbox 1266 1653 1368 1715; x_wconf 91' lang='lat' dir='ltr'>nimis</span> <span class='ocrx_word' id='word_1_51' title='bbox 1388 1655 1624 1736; x_wconf 85' lang='lat' dir='ltr'>gravabantur</span> 
     </span>
     <span class='ocr_line' id='line_1_8' title="bbox 482 1752 741 1814; baseline 0.008 -2"><span class='ocrx_word' id='word_1_52' title='bbox 482 1752 525 1812; x_wconf 92' lang='lat' dir='ltr'>ab</span> <span class='ocrx_word' id='word_1_53' title='bbox 539 1753 708 1814; x_wconf 87' lang='lat' dir='ltr'>extraneis</span> <span class='ocrx_word' id='word_1_54' title='bbox 718 1753 741 1814; x_wconf 86' lang='lat'>².</span> 
     </span>
     <span class='ocr_line' id='line_1_9' title="bbox 525 1843 1620 1934; baseline 0.004 -21"><span class='ocrx_word' id='word_1_55' title='bbox 525 1843 615 1914; x_wconf 82' lang='lat' dir='ltr'>Hoc³</span> <span class='ocrx_word' id='word_1_56' title='bbox 629 1854 733 1916; x_wconf 90' lang='lat' dir='ltr'>etiam</span> <span class='ocrx_word' id='word_1_57' title='bbox 752 1853 935 1934; x_wconf 88' lang='lat' dir='ltr'>[tempore]</span> <span class='ocrx_word' id='word_1_58' title='bbox 957 1853 1151 1915; x_wconf 89' lang='lat' dir='ltr'>Willelmus</span> <span class='ocrx_word' id='word_1_59' title='bbox 1162 1857 1186 1924; x_wconf 84' lang='lat'>⁴,</span> <span class='ocrx_word' id='word_1_60' title='bbox 1199 1873 1312 1917; x_wconf 88' lang='lat' dir='ltr'>comes</span> <span class='ocrx_word' id='word_1_61' title='bbox 1328 1850 1620 1930; x_wconf 87' lang='lat' dir='ltr'>Normannorum,</span> 
     </span>
     <span class='ocr_line' id='line_1_10' title="bbox 482 1951 1623 2038; baseline 0.004 -24"><span class='ocrx_word' id='word_1_62' title='bbox 482 1954 658 2016; x_wconf 90' lang='lat' dir='ltr'>debellatis</span> <span class='ocrx_word' id='word_1_63' title='bbox 678 1954 808 2036; x_wconf 83' lang='lat' dir='ltr'>Anglis,</span> <span class='ocrx_word' id='word_1_64' title='bbox 838 1951 946 2015; x_wconf 81' lang='lat' dir='ltr'>iactus</span> <span class='ocrx_word' id='word_1_65' title='bbox 971 1964 1022 2015; x_wconf 90' lang='lat' dir='ltr'>est</span> <span class='ocrx_word' id='word_1_66' title='bbox 1045 1971 1104 2016; x_wconf 87' lang='lat' dir='ltr'>rex</span> <span class='ocrx_word' id='word_1_67' title='bbox 1126 1972 1263 2027; x_wconf 89' lang='lat' dir='ltr'>eorum;</span> <span class='ocrx_word' id='word_1_68' title='bbox 1290 1954 1363 2037; x_wconf 90' lang='lat' dir='ltr'>qui,</span> <span class='ocrx_word' id='word_1_69' title='bbox 1393 1973 1435 2017; x_wconf 90' lang='lat' dir='ltr'>ne</span> <span class='ocrx_word' id='word_1_70' title='bbox 1464 1955 1623 2038; x_wconf 85' lang='lat' dir='ltr'>ingratus</span> 
     </span>
     <span class='ocr_line' id='line_1_11' title="bbox 421 2054 1621 2138; baseline 0.003 -23"><span class='ocrx_word' id='word_1_71' title='bbox 421 2068 454 2105; x_wconf 88' lang='lat'>10</span> <span class='ocrx_word' id='word_1_72' title='bbox 482 2065 570 2118; x_wconf 88' lang='lat' dir='ltr'>esset</span> <span class='ocrx_word' id='word_1_73' title='bbox 586 2054 762 2116; x_wconf 89' lang='lat' dir='ltr'>honorisa</span> <span class='ocrx_word' id='word_1_74' title='bbox 784 2055 853 2116; x_wconf 91' lang='lat' dir='ltr'>Deo</span> <span class='ocrx_word' id='word_1_75' title='bbox 876 2054 939 2115; x_wconf 89' lang='lat' dir='ltr'>sibi</span> <span class='ocrx_word' id='word_1_76' title='bbox 963 2054 1087 2126; x_wconf 88' lang='lat' dir='ltr'>collati,</span> <span class='ocrx_word' id='word_1_77' title='bbox 1109 2072 1172 2133; x_wconf 90' lang='lat' dir='ltr'>per</span> <span class='ocrx_word' id='word_1_78' title='bbox 1197 2055 1337 2116; x_wconf 89' lang='lat' dir='ltr'>cenobia</span> <span class='ocrx_word' id='word_1_79' title='bbox 1363 2056 1467 2118; x_wconf 90' lang='lat' dir='ltr'>totius</span> <span class='ocrx_word' id='word_1_80' title='bbox 1490 2055 1621 2138; x_wconf 83' lang='lat' dir='ltr'>Anglie‚</span> 
     </span>
     <span class='ocr_line' id='line_1_12' title="bbox 482 2154 1624 2238; baseline 0.001 -20"><span class='ocrx_word' id='word_1_81' title='bbox 482 2157 712 2238; x_wconf 88' lang='lat' dir='ltr'>undequaque</span> <span class='ocrx_word' id='word_1_82' title='bbox 731 2155 877 2218; x_wconf 90' lang='lat' dir='ltr'>evocatis</span> <span class='ocrx_word' id='word_1_83' title='bbox 897 2155 1154 2235; x_wconf 88' lang='lat' dir='ltr'>preceptoribus</span> <span class='ocrx_word' id='word_1_84' title='bbox 1176 2154 1353 2237; x_wconf 81' lang='lat' dir='ltr'>religiosis,</span> <span class='ocrx_word' id='word_1_85' title='bbox 1370 2157 1528 2217; x_wconf 88' lang='lat' dir='ltr'>ordinem</span> <span class='ocrx_word' id='word_1_86' title='bbox 1546 2175 1624 2237; x_wconf 88' lang='lat' dir='ltr'>per·</span> 
     </span>
     <span class='ocr_line' id='line_1_13' title="bbox 480 2255 1624 2338; baseline -0.001 -19"><span class='ocrx_word' id='word_1_87' title='bbox 480 2256 566 2319; x_wconf 87' lang='lat' dir='ltr'>fecte</span> <span class='ocrx_word' id='word_1_88' title='bbox 580 2255 755 2338; x_wconf 80' lang='lat' dir='ltr'>religionis</span> <span class='ocrx_word' id='word_1_89' title='bbox 770 2256 822 2316; x_wconf 91' lang='lat' dir='ltr'>vel</span> <span class='ocrx_word' id='word_1_90' title='bbox 838 2255 999 2320; x_wconf 89' lang='lat' dir='ltr'>instituit.</span> <span class='ocrx_word' id='word_1_91' title='bbox 1017 2255 1069 2317; x_wconf 91' lang='lat' dir='ltr'>vel</span> <span class='ocrx_word' id='word_1_92' title='bbox 1088 2257 1299 2330; x_wconf 87' lang='lat' dir='ltr'>reformavit,</span> <span class='ocrx_word' id='word_1_93' title='bbox 1317 2264 1351 2318; x_wconf 91' lang='lat' dir='ltr'>et</span> <span class='ocrx_word' id='word_1_94' title='bbox 1366 2275 1427 2336; x_wconf 88' lang='lat' dir='ltr'>per</span> <span class='ocrx_word' id='word_1_95' title='bbox 1439 2263 1624 2321; x_wconf 86' lang='lat' dir='ltr'>exteriores</span> 
     </span>
     <span class='ocr_line' id='line_1_14' title="bbox 481 2357 1621 2439; baseline 0.001 -19"><span class='ocrx_word' id='word_1_96' title='bbox 481 2357 808 2420; x_wconf 89' lang='lat' dir='ltr'>amministrationes</span> <span class='ocrx_word' id='word_1_97' title='bbox 833 2358 924 2439; x_wconf 86' lang='lat' dir='ltr'>leges</span> <span class='ocrx_word' id='word_1_98' title='bbox 948 2357 1103 2436; x_wconf 87' lang='lat' dir='ltr'>publicas</span> <span class='ocrx_word' id='word_1_99' title='bbox 1132 2358 1175 2418; x_wconf 92' lang='lat' dir='ltr'>ad</span> <span class='ocrx_word' id='word_1_100' title='bbox 1207 2357 1305 2419; x_wconf 91' lang='lat' dir='ltr'>civile</span> <span class='ocrx_word' id='word_1_101' title='bbox 1333 2358 1435 2421; x_wconf 90' lang='lat' dir='ltr'>decus</span> <span class='ocrx_word' id='word_1_102' title='bbox 1463 2359 1621 2422; x_wconf 85' lang='lat' dir='ltr'>excoluit.</span> 
     </span>
     <span class='ocr_line' id='line_1_15' title="bbox 483 2457 1623 2539; baseline 0.001 -19"><span class='ocrx_word' id='word_1_103' title='bbox 483 2458 577 2520; x_wconf 85' lang='lat' dir='ltr'>idem</span> <span class='ocrx_word' id='word_1_104' title='bbox 598 2476 668 2532; x_wconf 82' lang='lat' dir='ltr'>rex,</span> <span class='ocrx_word' id='word_1_105' title='bbox 695 2466 732 2520; x_wconf 90' lang='lat' dir='ltr'>ut</span> <span class='ocrx_word' id='word_1_106' title='bbox 753 2467 825 2519; x_wconf 89' lang='lat' dir='ltr'>erat</span> <span class='ocrx_word' id='word_1_107' title='bbox 841 2458 958 2538; x_wconf 87' lang='lat' dir='ltr'>largus</span> <span class='ocrx_word' id='word_1_108' title='bbox 976 2459 1012 2518; x_wconf 91' lang='lat' dir='ltr'>in</span> <span class='ocrx_word' id='word_1_109' title='bbox 1034 2457 1197 2532; x_wconf 89' lang='lat' dir='ltr'>donariis,</span> <span class='ocrx_word' id='word_1_110' title='bbox 1219 2476 1299 2521; x_wconf 88' lang='lat' dir='ltr'>cum</span> <span class='ocrx_word' id='word_1_111' title='bbox 1318 2458 1355 2520; x_wconf 92' lang='lat' dir='ltr'>in</span> <span class='ocrx_word' id='word_1_112' title='bbox 1369 2459 1623 2539; x_wconf 89' lang='lat' dir='ltr'>sollempnitate</span> 
     </span>
     <span class='ocr_line' id='line_1_16' title="bbox 419 2558 1622 2641; baseline -0.004 -15"><span class='ocrx_word' id='word_1_113' title='bbox 419 2577 450 2627; x_wconf 82' lang='lat'>15</span> <span class='ocrx_word' id='word_1_114' title='bbox 482 2559 609 2640; x_wconf 86' lang='lat' dir='ltr'>pascali</span> <span class='ocrx_word' id='word_1_115' title='bbox 645 2559 793 2621; x_wconf 90' lang='lat' dir='ltr'>militem</span> <span class='ocrx_word' id='word_1_116' title='bbox 827 2560 1015 2641; x_wconf 91' lang='lat' dir='ltr'>quemdam</span> <span class='ocrx_word' id='word_1_117' title='bbox 1044 2558 1177 2622; x_wconf 88' lang='lat' dir='ltr'>videret</span> <span class='ocrx_word' id='word_1_118' title='bbox 1201 2577 1280 2621; x_wconf 93' lang='lat' dir='ltr'>cum</span> <span class='ocrx_word' id='word_1_119' title='bbox 1309 2559 1529 2622; x_wconf 85' lang='lat' dir='ltr'>offerentibus</span> <span class='ocrx_word' id='word_1_120' title='bbox 1554 2578 1622 2621; x_wconf 92' lang='lat' dir='ltr'>non</span> 
     </span>
     <span class='ocr_line' id='line_1_17' title="bbox 481 2660 1622 2742; baseline 0.002 -19"><span class='ocrx_word' id='word_1_121' title='bbox 481 2660 612 2736; x_wconf 88' lang='lat' dir='ltr'>offerre,</span> <span class='ocrx_word' id='word_1_122' title='bbox 634 2669 815 2724; x_wconf 89' lang='lat' dir='ltr'>evocatum</span> <span class='ocrx_word' id='word_1_123' title='bbox 840 2660 1068 2742; x_wconf 83' lang='lat' dir='ltr'>interrogavit</span> <span class='ocrx_word' id='word_1_124' title='bbox 1088 2678 1150 2723; x_wconf 89' lang='lat' dir='ltr'>cur</span> <span class='ocrx_word' id='word_1_125' title='bbox 1166 2679 1234 2722; x_wconf 91' lang='lat' dir='ltr'>non</span> <span class='ocrx_word' id='word_1_126' title='bbox 1249 2661 1400 2736; x_wconf 78' lang='lat' dir='ltr'>offerret3</span> <span class='ocrx_word' id='word_1_127' title='bbox 1424 2662 1483 2724; x_wconf 90' lang='lat' dir='ltr'>illo</span> <span class='ocrx_word' id='word_1_128' title='bbox 1506 2663 1622 2725; x_wconf 90' lang='lat' dir='ltr'>deesse</span> 
     </span>
     <span class='ocr_line' id='line_1_18' title="bbox 480 2760 1623 2844; baseline 0.003 -20"><span class='ocrx_word' id='word_1_129' title='bbox 480 2763 546 2825; x_wconf 89' lang='lat' dir='ltr'>sibi</span> <span class='ocrx_word' id='word_1_130' title='bbox 563 2763 810 2844; x_wconf 76' lang='lat' dir='ltr'>respondente⁶</span> <span class='ocrx_word' id='word_1_131' title='bbox 831 2763 923 2844; x_wconf 91' lang='lat' dir='ltr'>quod</span> <span class='ocrx_word' id='word_1_132' title='bbox 947 2760 1082 2842; x_wconf 71' lang='lat' dir='ltr'>possetl</span> <span class='ocrx_word' id='word_1_133' title='bbox 1103 2762 1253 2833; x_wconf 75' lang='lat' dir='ltr'>offerre0,</span> <span class='ocrx_word' id='word_1_134' title='bbox 1276 2781 1336 2825; x_wconf 83' lang='lat' dir='ltr'>rex</span> <span class='ocrx_word' id='word_1_135' title='bbox 1356 2775 1495 2826; x_wconf 91' lang='lat' dir='ltr'>centum</span> <span class='ocrx_word' id='word_1_136' title='bbox 1519 2763 1623 2827; x_wconf 89' lang='lat' dir='ltr'>libras</span> 
     </span>
     <span class='ocr_line' id='line_1_19' title="bbox 480 2861 1622 2944; baseline 0.004 -21"><span class='ocrx_word' id='word_1_137' title='bbox 480 2863 704 2925; x_wconf 90' lang='lat' dir='ltr'>denariorum</span> <span class='ocrx_word' id='word_1_138' title='bbox 739 2864 789 2924; x_wconf 89' lang='lat' dir='ltr'>illi</span> <span class='ocrx_word' id='word_1_139' title='bbox 824 2863 924 2943; x_wconf 88' lang='lat' dir='ltr'>jussit</span> <span class='ocrx_word' id='word_1_140' title='bbox 950 2861 1085 2939; x_wconf 85' lang='lat' dir='ltr'>deferri,</span> <span class='ocrx_word' id='word_1_141' title='bbox 1115 2881 1202 2944; x_wconf 91' lang='lat' dir='ltr'>quas</span> <span class='ocrx_word' id='word_1_142' title='bbox 1229 2863 1296 2927; x_wconf 76' lang='lat' dir='ltr'>ille,</span> <span class='ocrx_word' id='word_1_143' title='bbox 1321 2864 1358 2925; x_wconf 89' lang='lat' dir='ltr'>in</span> <span class='ocrx_word' id='word_1_144' title='bbox 1386 2864 1532 2926; x_wconf 93' lang='lat' dir='ltr'>clamide</span> <span class='ocrx_word' id='word_1_145' title='bbox 1560 2883 1622 2927; x_wconf 91' lang='lat' dir='ltr'>sua</span> 
     </span>
     <span class='ocr_line' id='line_1_20' title="bbox 481 2963 1620 3045; baseline 0.002 -20"><span class='ocrx_word' id='word_1_146' title='bbox 481 2972 658 3045; x_wconf 90' lang='lat' dir='ltr'>susceptas</span> <span class='ocrx_word' id='word_1_147' title='bbox 672 2964 745 3025; x_wconf 88' lang='lat' dir='ltr'>sine</span> <span class='ocrx_word' id='word_1_148' title='bbox 764 2963 1003 3027; x_wconf 86' lang='lat' dir='ltr'>retractatione</span> <span class='ocrx_word' id='word_1_149' title='bbox 1019 2982 1123 3044; x_wconf 91' lang='lat' dir='ltr'>super</span> <span class='ocrx_word' id='word_1_150' title='bbox 1139 2963 1246 3026; x_wconf 88' lang='lat' dir='ltr'>altare</span> <span class='ocrx_word' id='word_1_151' title='bbox 1260 2982 1381 3028; x_wconf 92' lang='lat' dir='ltr'>omnes</span> <span class='ocrx_word' id='word_1_152' title='bbox 1401 2966 1469 3026; x_wconf 90' lang='lat' dir='ltr'>Deo</span> <span class='ocrx_word' id='word_1_153' title='bbox 1483 2965 1620 3029; x_wconf 90' lang='lat' dir='ltr'>obtulit.</span> 
     </span>
     <span class='ocr_line' id='line_1_21' title="bbox 416 3062 1620 3148; baseline 0.002 -23"><span class='ocrx_word' id='word_1_154' title='bbox 416 3088 451 3125; x_wconf 91' lang='lat'>20</span> <span class='ocrx_word' id='word_1_155' title='bbox 482 3064 627 3127; x_wconf 87' lang='lat' dir='ltr'>Miratus</span> <span class='ocrx_word' id='word_1_156' title='bbox 641 3082 700 3127; x_wconf 83' lang='lat' dir='ltr'>rex</span> <span class='ocrx_word' id='word_1_157' title='bbox 714 3083 795 3127; x_wconf 90' lang='lat' dir='ltr'>cum</span> <span class='ocrx_word' id='word_1_158' title='bbox 806 3064 926 3127; x_wconf 90' lang='lat' dir='ltr'>ceteris</span> <span class='ocrx_word' id='word_1_159' title='bbox 940 3065 1132 3127; x_wconf 84' lang='lat' dir='ltr'>astantibus</span> <span class='ocrx_word' id='word_1_160' title='bbox 1144 3062 1249 3126; x_wconf 87' lang='lat' dir='ltr'>fidem</span> <span class='ocrx_word' id='word_1_161' title='bbox 1261 3065 1443 3142; x_wconf 85' lang='lat' dir='ltr'>offerentis,</span> <span class='ocrx_word' id='word_1_162' title='bbox 1457 3066 1620 3148; x_wconf 91' lang='lat' dir='ltr'>quicquid</span> 
     </span>
    </p>
   </div>
   <div class='ocr_carea' id='block_1_3' title="bbox 479 3246 1620 3487">
    <p class='ocr_par' dir='ltr' id='par_1_3' title="bbox 479 3246 1620 3487">
     <span class='ocr_line' id='line_1_22' title="bbox 512 3246 1620 3314; baseline -0.003 -17"><span class='ocrx_word' id='word_1_163' title='bbox 512 3264 538 3297; x_wconf 85' lang='grc' dir='ltr'>α.</span> <span class='ocrx_word' id='word_1_164' title='bbox 557 3247 638 3297; x_wconf 84' lang='lat' dir='ltr'>Dans</span> <span class='ocrx_word' id='word_1_165' title='bbox 654 3248 693 3312; x_wconf 76' lang='lat' dir='ltr'>A,</span> <span class='ocrx_word' id='word_1_166' title='bbox 713 3247 766 3299; x_wconf 87' lang='lat' dir='ltr'>sibi</span> <span class='ocrx_word' id='word_1_167' title='bbox 785 3247 973 3314; x_wconf 82' lang='lat' dir='ltr'>respondente</span> <span class='ocrx_word' id='word_1_168' title='bbox 991 3246 1087 3297; x_wconf 85' lang='lat' dir='ltr'>deesse</span> <span class='ocrx_word' id='word_1_169' title='bbox 1104 3262 1173 3296; x_wconf 81' lang='grc' dir='ltr'><em>αανν.</em></span> <span class='ocrx_word' id='word_1_170' title='bbox 1189 3252 1242 3314; x_wconf 98' lang='grc' dir='ltr'>ραν</span> <span class='ocrx_word' id='word_1_171' title='bbox 1260 3263 1311 3296; x_wconf 82' lang='lat' dir='ltr'>unc</span> <span class='ocrx_word' id='word_1_172' title='bbox 1326 3248 1401 3296; x_wconf 86' lang='lat' dir='ltr'>main</span> <span class='ocrx_word' id='word_1_173' title='bbox 1414 3246 1574 3313; x_wconf 64' lang='lat' dir='ltr'>posteritate</span> <span class='ocrx_word' id='word_1_174' title='bbox 1588 3261 1620 3294; x_wconf 86' lang='lat' dir='ltr'>en</span> 
     </span>
     <span class='ocr_line' id='line_1_23' title="bbox 479 3332 1620 3399; baseline -0.004 -15"><span class='ocrx_word' id='word_1_175' title='bbox 479 3332 507 3385; x_wconf 85' lang='lat' dir='ltr'>d.</span> <span class='ocrx_word' id='word_1_176' title='bbox 527 3348 548 3384; x_wconf 77' lang='lat' dir='ltr'>S.</span> <span class='ocrx_word' id='word_1_177' title='bbox 568 3348 592 3385; x_wconf 87' lang='lat' dir='ltr'>r.</span> <span class='ocrx_word' id='word_1_178' title='bbox 610 3362 643 3371; x_wconf 97' lang='lat'>-</span> <span class='ocrx_word' id='word_1_179' title='bbox 666 3333 688 3384; x_wconf 84' lang='lat' dir='ltr'>b.</span> <span class='ocrx_word' id='word_1_180' title='bbox 711 3334 791 3384; x_wconf 85' lang='lat' dir='ltr'>Dans</span> <span class='ocrx_word' id='word_1_181' title='bbox 808 3334 846 3397; x_wconf 81' lang='lat' dir='ltr'>A,</span> <span class='ocrx_word' id='word_1_182' title='bbox 866 3332 969 3385; x_wconf 82' lang='lat' dir='ltr'>offerre</span> <span class='ocrx_word' id='word_1_183' title='bbox 986 3341 1081 3399; x_wconf 89' lang='lat' dir='ltr'>posset</span> <span class='ocrx_word' id='word_1_184' title='bbox 1098 3349 1168 3385; x_wconf 82' lang='grc' dir='ltr'><em>αανν.</em></span> <span class='ocrx_word' id='word_1_185' title='bbox 1184 3337 1237 3399; x_wconf 91' lang='grc' dir='ltr'>ραν</span> <span class='ocrx_word' id='word_1_186' title='bbox 1256 3348 1307 3382; x_wconf 85' lang='lat' dir='ltr'>unc</span> <span class='ocrx_word' id='word_1_187' title='bbox 1323 3334 1398 3382; x_wconf 85' lang='lat' dir='ltr'>main</span> <span class='ocrx_word' id='word_1_188' title='bbox 1413 3332 1573 3399; x_wconf 74' lang='lat' dir='ltr'>postiricurc</span> <span class='ocrx_word' id='word_1_189' title='bbox 1589 3347 1620 3379; x_wconf 82' lang='lat' dir='ltr'>en</span> 
     </span>
     <span class='ocr_line' id='line_1_24' title="bbox 480 3417 1360 3487; baseline -0.002 -15"><span class='ocrx_word' id='word_1_190' title='bbox 480 3435 507 3485; x_wconf 91' lang='lat' dir='ltr'>p.</span> <span class='ocrx_word' id='word_1_191' title='bbox 521 3434 548 3472; x_wconf 94' lang='grc' dir='ltr'>ο.</span> <span class='ocrx_word' id='word_1_192' title='bbox 562 3448 594 3457; x_wconf 90' lang='grc'>-</span> <span class='ocrx_word' id='word_1_193' title='bbox 611 3435 634 3472; x_wconf 87' lang='lat' dir='ltr'>c.</span> <span class='ocrx_word' id='word_1_194' title='bbox 654 3420 734 3471; x_wconf 83' lang='lat' dir='ltr'>Dans</span> <span class='ocrx_word' id='word_1_195' title='bbox 746 3420 784 3484; x_wconf 78' lang='lat' dir='ltr'>A,</span> <span class='ocrx_word' id='word_1_196' title='bbox 798 3419 913 3472; x_wconf 82' lang='lat' dir='ltr'>offerret</span> <span class='ocrx_word' id='word_1_197' title='bbox 925 3436 995 3471; x_wconf 84' lang='lat' dir='ltr'>corr.</span> <span class='ocrx_word' id='word_1_198' title='bbox 1005 3424 1059 3487; x_wconf 91' lang='grc' dir='ltr'>ραν</span> <span class='ocrx_word' id='word_1_199' title='bbox 1070 3427 1190 3485; x_wconf 75' lang='lat' dir='ltr'>exponet.</span> <span class='ocrx_word' id='word_1_200' title='bbox 1203 3436 1234 3468; x_wconf 83' lang='lat' dir='ltr'>en</span> <span class='ocrx_word' id='word_1_201' title='bbox 1247 3417 1360 3470; x_wconf 85' lang='lat' dir='ltr'>offerre.</span> 
     </span>
    </p>
   </div>
   <div class='ocr_carea' id='block_1_4' title="bbox 412 3687 1620 4970">
    <p class='ocr_par' dir='ltr' id='par_1_4' title="bbox 515 3687 1564 3760">
     <span class='ocr_line' id='line_1_25' title="bbox 515 3687 1564 3760; baseline -0.004 -18"><span class='ocrx_word' id='word_1_202' title='bbox 515 3699 523 3726; x_wconf 86' lang='lat'>¹</span> <span class='ocrx_word' id='word_1_203' title='bbox 546 3691 665 3743; x_wconf 77' lang='lat' dir='ltr'>Peuton</span> <span class='ocrx_word' id='word_1_204' title='bbox 676 3708 712 3743; x_wconf 91' lang='lat' dir='ltr'>en</span> <span class='ocrx_word' id='word_1_205' title='bbox 724 3692 858 3745; x_wconf 90' lang='lat' dir='ltr'>conclure</span> <span class='ocrx_word' id='word_1_206' title='bbox 869 3692 937 3760; x_wconf 86' lang='lat' dir='ltr'>qu&#39;il</span> <span class='ocrx_word' id='word_1_207' title='bbox 950 3692 997 3760; x_wconf 89' lang='lat' dir='ltr'>n&#39;y</span> <span class='ocrx_word' id='word_1_208' title='bbox 1008 3694 1057 3743; x_wconf 77' lang='lat' dir='ltr'>ebt</span> <span class='ocrx_word' id='word_1_209' title='bbox 1069 3707 1125 3758; x_wconf 92' lang='lat' dir='ltr'>que</span> <span class='ocrx_word' id='word_1_210' title='bbox 1140 3692 1218 3758; x_wconf 80' lang='lat' dir='ltr'>vingt</span> <span class='ocrx_word' id='word_1_211' title='bbox 1230 3691 1322 3740; x_wconf 82' lang='lat' dir='ltr'>domus</span> <span class='ocrx_word' id='word_1_212' title='bbox 1334 3692 1349 3739; x_wconf 78' lang='lat' dir='ltr'>t</span> <span class='ocrx_word' id='word_1_213' title='bbox 1362 3687 1564 3740; x_wconf 83' lang='lat' dir='ltr'>Anseremme?</span> 
     </span>
    </p>

    <p class='ocr_par' dir='ltr' id='par_1_5' title="bbox 422 3774 1619 4019">
     <span class='ocr_line' id='line_1_26' title="bbox 422 3774 1619 3845; baseline -0.001 -18"><span class='ocrx_word' id='word_1_214' title='bbox 422 3791 452 3841; x_wconf 82' lang='lat'>²5</span> <span class='ocrx_word' id='word_1_215' title='bbox 515 3785 525 3811; x_wconf 88' lang='lat'>²</span> <span class='ocrx_word' id='word_1_216' title='bbox 542 3777 597 3829; x_wconf 85' lang='lat' dir='ltr'>Ces</span> <span class='ocrx_word' id='word_1_217' title='bbox 608 3776 672 3830; x_wconf 77' lang='lat' dir='ltr'>faits</span> <span class='ocrx_word' id='word_1_218' title='bbox 684 3794 713 3830; x_wconf 90' lang='lat' dir='ltr'>se</span> <span class='ocrx_word' id='word_1_219' title='bbox 725 3778 837 3845; x_wconf 86' lang='lat' dir='ltr'>placent</span> <span class='ocrx_word' id='word_1_220' title='bbox 848 3795 884 3830; x_wconf 91' lang='lat' dir='ltr'>en</span> <span class='ocrx_word' id='word_1_221' title='bbox 900 3778 964 3830; x_wconf 89' lang='lat'>1066</span> <span class='ocrx_word' id='word_1_222' title='bbox 977 3794 1014 3830; x_wconf 93' lang='lat' dir='ltr'>ou</span> <span class='ocrx_word' id='word_1_223' title='bbox 1028 3793 1091 3828; x_wconf 89' lang='lat' dir='ltr'>vers</span> <span class='ocrx_word' id='word_1_224' title='bbox 1103 3786 1177 3828; x_wconf 91' lang='lat' dir='ltr'>cette</span> <span class='ocrx_word' id='word_1_225' title='bbox 1189 3776 1263 3837; x_wconf 88' lang='lat' dir='ltr'>date,</span> <span class='ocrx_word' id='word_1_226' title='bbox 1276 3791 1387 3827; x_wconf 90' lang='lat' dir='ltr'>comme</span> <span class='ocrx_word' id='word_1_227' title='bbox 1398 3774 1566 3842; x_wconf 88' lang='lat' dir='ltr'>l&#39;indiquent</span> <span class='ocrx_word' id='word_1_228' title='bbox 1578 3774 1619 3826; x_wconf 89' lang='lat' dir='ltr'>les</span> 
     </span>
     <span class='ocr_line' id='line_1_27' title="bbox 481 3859 1618 3932; baseline -0.004 -18"><span class='ocrx_word' id='word_1_229' title='bbox 481 3864 617 3929; x_wconf 89' lang='lat' dir='ltr'>premiers</span> <span class='ocrx_word' id='word_1_230' title='bbox 634 3872 708 3916; x_wconf 84' lang='lat' dir='ltr'>mots</span> <span class='ocrx_word' id='word_1_231' title='bbox 725 3864 763 3916; x_wconf 92' lang='lat' dir='ltr'>du</span> <span class='ocrx_word' id='word_1_232' title='bbox 781 3867 953 3932; x_wconf 83' lang='lat' dir='ltr'>paragraphe</span> <span class='ocrx_word' id='word_1_233' title='bbox 972 3864 1093 3920; x_wconf 85' lang='lat' dir='ltr'>suivant,</span> <span class='ocrx_word' id='word_1_234' title='bbox 1108 3860 1214 3914; x_wconf 84' lang='lat' dir='ltr'>relatils</span> <span class='ocrx_word' id='word_1_235' title='bbox 1225 3865 1241 3912; x_wconf 71' lang='lat' dir='ltr'>e</span> <span class='ocrx_word' id='word_1_236' title='bbox 1253 3861 1279 3912; x_wconf 88' lang='lat' dir='ltr'>la</span> <span class='ocrx_word' id='word_1_237' title='bbox 1291 3863 1431 3929; x_wconf 73' lang='lat' dir='ltr'>conquete</span> <span class='ocrx_word' id='word_1_238' title='bbox 1442 3859 1618 3911; x_wconf 87' lang='lat' dir='ltr'>normande:</span> 
     </span>
     <span class='ocr_line' id='line_1_28' title="bbox 480 3948 1228 4019; baseline 0.008 -20"><span class='ocrx_word' id='word_1_239' title='bbox 480 3949 615 4000; x_wconf 77' lang='lat' dir='ltr'>hccetiam</span> <span class='ocrx_word' id='word_1_240' title='bbox 630 3948 781 4019; x_wconf 80' lang='lat' dir='ltr'>[tempore].</span> <span class='ocrx_word' id='word_1_241' title='bbox 1224 3997 1228 4005; x_wconf 92' lang='lat'><em>.</em></span> 
     </span>
    </p>

    <p class='ocr_par' dir='ltr' id='par_1_6' title="bbox 480 4034 1620 4191">
     <span class='ocr_line' id='line_1_29' title="bbox 512 4034 1620 4105; baseline -0.005 -17"><span class='ocrx_word' id='word_1_242' title='bbox 512 4043 523 4082; x_wconf 81' lang='lat'>³</span> <span class='ocrx_word' id='word_1_243' title='bbox 542 4035 583 4088; x_wconf 90' lang='lat' dir='ltr'>Le</span> <span class='ocrx_word' id='word_1_244' title='bbox 600 4051 713 4105; x_wconf 86' lang='lat' dir='ltr'>passage</span> <span class='ocrx_word' id='word_1_245' title='bbox 732 4036 854 4089; x_wconf 79' lang='lat' dir='ltr'>relatila</span> <span class='ocrx_word' id='word_1_246' title='bbox 872 4037 1037 4088; x_wconf 85' lang='lat' dir='ltr'>Guillaume</span> <span class='ocrx_word' id='word_1_247' title='bbox 1054 4036 1081 4088; x_wconf 91' lang='lat' dir='ltr'>le</span> <span class='ocrx_word' id='word_1_248' title='bbox 1099 4035 1282 4102; x_wconf 80' lang='lat' dir='ltr'>Conquerant</span> <span class='ocrx_word' id='word_1_249' title='bbox 1299 4044 1341 4086; x_wconf 89' lang='lat' dir='ltr'>est</span> <span class='ocrx_word' id='word_1_250' title='bbox 1360 4049 1398 4084; x_wconf 93' lang='lat' dir='ltr'>un</span> <span class='ocrx_word' id='word_1_251' title='bbox 1415 4034 1620 4086; x_wconf 80' lang='lat' dir='ltr'>horsd&#39;oeuvre</span> 
     </span>
     <span class='ocr_line' id='line_1_30' title="bbox 480 4118 1620 4191; baseline -0.004 -18"><span class='ocrx_word' id='word_1_252' title='bbox 480 4121 728 4190; x_wconf 78' lang='lat' dir='ltr'>disproportionne</span> <span class='ocrx_word' id='word_1_253' title='bbox 739 4132 768 4175; x_wconf 91' lang='lat' dir='ltr'>et</span> <span class='ocrx_word' id='word_1_254' title='bbox 780 4123 884 4191; x_wconf 84' lang='lat' dir='ltr'>parlois</span> <span class='ocrx_word' id='word_1_255' title='bbox 895 4124 998 4175; x_wconf 92' lang='lat' dir='ltr'>obscur</span> <span class='ocrx_word' id='word_1_256' title='bbox 1003 4140 1010 4184; x_wconf 84' lang='lat'>;</span> <span class='ocrx_word' id='word_1_257' title='bbox 1030 4122 1072 4174; x_wconf 86' lang='lat' dir='ltr'>s&#39;il</span> <span class='ocrx_word' id='word_1_258' title='bbox 1090 4137 1120 4174; x_wconf 92' lang='lat' dir='ltr'>se</span> <span class='ocrx_word' id='word_1_259' title='bbox 1138 4122 1263 4173; x_wconf 90' lang='lat' dir='ltr'>trouvait</span> <span class='ocrx_word' id='word_1_260' title='bbox 1277 4120 1339 4187; x_wconf 71' lang='lat' dir='ltr'>ddja</span> <span class='ocrx_word' id='word_1_261' title='bbox 1351 4120 1420 4171; x_wconf 90' lang='lat' dir='ltr'>dans</span> <span class='ocrx_word' id='word_1_262' title='bbox 1433 4118 1572 4186; x_wconf 86' lang='lat' dir='ltr'>l&#39;original</span> <span class='ocrx_word' id='word_1_263' title='bbox 1585 4120 1620 4169; x_wconf 89' lang='lat' dir='ltr'>de</span> 
     </span>
    </p>

    <p class='ocr_par' dir='ltr' id='par_1_7' title="bbox 419 4208 1618 4606">
     <span class='ocr_line' id='line_1_31' title="bbox 419 4208 1617 4278; baseline -0.004 -18"><span class='ocrx_word' id='word_1_264' title='bbox 419 4223 454 4273; x_wconf 84' lang='lat'>30</span> <span class='ocrx_word' id='word_1_265' title='bbox 482 4208 507 4259; x_wconf 87' lang='lat' dir='ltr'>la</span> <span class='ocrx_word' id='word_1_266' title='bbox 521 4209 682 4278; x_wconf 75' lang='lat' dir='ltr'>chronique,</span> <span class='ocrx_word' id='word_1_267' title='bbox 694 4210 715 4262; x_wconf 86' lang='lat' dir='ltr'>il</span> <span class='ocrx_word' id='word_1_268' title='bbox 727 4211 834 4263; x_wconf 90' lang='lat' dir='ltr'>semble</span> <span class='ocrx_word' id='word_1_269' title='bbox 847 4211 912 4263; x_wconf 88' lang='lat' dir='ltr'>bien</span> <span class='ocrx_word' id='word_1_270' title='bbox 925 4226 980 4277; x_wconf 90' lang='lat' dir='ltr'>que</span> <span class='ocrx_word' id='word_1_271' title='bbox 996 4226 1028 4262; x_wconf 90' lang='lat' dir='ltr'>ce</span> <span class='ocrx_word' id='word_1_272' title='bbox 1038 4226 1076 4261; x_wconf 88' lang='lat' dir='ltr'>ne</span> <span class='ocrx_word' id='word_1_273' title='bbox 1087 4210 1139 4261; x_wconf 81' lang='lat' dir='ltr'>dut</span> <span class='ocrx_word' id='word_1_274' title='bbox 1150 4210 1211 4260; x_wconf 79' lang='lat' dir='ltr'>etre</span> <span class='ocrx_word' id='word_1_275' title='bbox 1228 4208 1312 4275; x_wconf 86' lang='lat' dir='ltr'>qu&#39;en</span> <span class='ocrx_word' id='word_1_276' title='bbox 1329 4215 1397 4258; x_wconf 94' lang='lat' dir='ltr'>note</span> <span class='ocrx_word' id='word_1_277' title='bbox 1403 4223 1409 4267; x_wconf 89' lang='lat'>;</span> <span class='ocrx_word' id='word_1_278' title='bbox 1429 4221 1464 4257; x_wconf 90' lang='lat' dir='ltr'>en</span> <span class='ocrx_word' id='word_1_279' title='bbox 1483 4215 1546 4257; x_wconf 90' lang='lat' dir='ltr'>tout</span> <span class='ocrx_word' id='word_1_280' title='bbox 1562 4221 1617 4266; x_wconf 86' lang='lat' dir='ltr'>cas,</span> 
     </span>
     <span class='ocr_line' id='line_1_32' title="bbox 480 4292 1618 4363; baseline -0.004 -17"><span class='ocrx_word' id='word_1_281' title='bbox 480 4310 550 4347; x_wconf 89' lang='lat' dir='ltr'>nous</span> <span class='ocrx_word' id='word_1_282' title='bbox 567 4296 685 4349; x_wconf 89' lang='lat' dir='ltr'>n’avons</span> <span class='ocrx_word' id='word_1_283' title='bbox 702 4312 739 4363; x_wconf 89' lang='lat' dir='ltr'>pu</span> <span class='ocrx_word' id='word_1_284' title='bbox 758 4314 793 4349; x_wconf 92' lang='lat' dir='ltr'>en</span> <span class='ocrx_word' id='word_1_285' title='bbox 814 4306 962 4349; x_wconf 87' lang='lat' dir='ltr'>retrouver</span> <span class='ocrx_word' id='word_1_286' title='bbox 982 4296 1009 4347; x_wconf 86' lang='lat' dir='ltr'>la</span> <span class='ocrx_word' id='word_1_287' title='bbox 1027 4311 1206 4363; x_wconf 89' lang='lat' dir='ltr'>provenance</span> <span class='ocrx_word' id='word_1_288' title='bbox 1227 4295 1308 4362; x_wconf 88' lang='lat' dir='ltr'>(voy.</span> <span class='ocrx_word' id='word_1_289' title='bbox 1329 4301 1506 4345; x_wconf 87' lang='lat' dir='ltr'>notamment</span> <span class='ocrx_word' id='word_1_290' title='bbox 1526 4292 1618 4343; x_wconf 71' lang='lat' dir='ltr'>Faut-</span> 
     </span>
     <span class='ocr_line' id='line_1_33' title="bbox 478 4379 1618 4450; baseline -0.004 -17"><span class='ocrx_word' id='word_1_291' title='bbox 478 4383 587 4450; x_wconf 74' lang='lat' dir='ltr'>uartu),</span> <span class='ocrx_word' id='word_1_292' title='bbox 600 4392 629 4434; x_wconf 91' lang='lat' dir='ltr'>et</span> <span class='ocrx_word' id='word_1_293' title='bbox 640 4398 714 4435; x_wconf 90' lang='lat' dir='ltr'>nous</span> <span class='ocrx_word' id='word_1_294' title='bbox 724 4399 760 4436; x_wconf 88' lang='lat' dir='ltr'>en</span> <span class='ocrx_word' id='word_1_295' title='bbox 772 4399 895 4436; x_wconf 88' lang='lat' dir='ltr'>sommes</span> <span class='ocrx_word' id='word_1_296' title='bbox 907 4383 999 4435; x_wconf 77' lang='lat' dir='ltr'>reduit</span> <span class='ocrx_word' id='word_1_297' title='bbox 1012 4386 1028 4433; x_wconf 77' lang='lat' dir='ltr'>a</span> <span class='ocrx_word' id='word_1_298' title='bbox 1040 4382 1177 4434; x_wconf 82' lang='lat' dir='ltr'>formuler</span> <span class='ocrx_word' id='word_1_299' title='bbox 1188 4382 1214 4433; x_wconf 88' lang='lat' dir='ltr'>la</span> <span class='ocrx_word' id='word_1_300' title='bbox 1226 4380 1396 4448; x_wconf 86' lang='lat' dir='ltr'>conjecture,</span> <span class='ocrx_word' id='word_1_301' title='bbox 1411 4395 1466 4446; x_wconf 92' lang='lat' dir='ltr'>que</span> <span class='ocrx_word' id='word_1_302' title='bbox 1478 4379 1618 4445; x_wconf 76' lang='lat' dir='ltr'>peut-etre</span> 
     </span>
     <span class='ocr_line' id='line_1_34' title="bbox 478 4466 1617 4537; baseline -0.003 -18"><span class='ocrx_word' id='word_1_303' title='bbox 478 4466 642 4521; x_wconf 89' lang='lat' dir='ltr'>Guillaume</span> <span class='ocrx_word' id='word_1_304' title='bbox 657 4469 793 4522; x_wconf 89' lang='lat' dir='ltr'>demanda</span> <span class='ocrx_word' id='word_1_305' title='bbox 810 4474 826 4522; x_wconf 74' lang='lat' dir='ltr'>t</span> <span class='ocrx_word' id='word_1_306' title='bbox 844 4469 1051 4522; x_wconf 88' lang='lat' dir='ltr'>Saint-Hubert</span> <span class='ocrx_word' id='word_1_307' title='bbox 1068 4469 1118 4521; x_wconf 93' lang='lat' dir='ltr'>des</span> <span class='ocrx_word' id='word_1_308' title='bbox 1132 4474 1303 4537; x_wconf 74' lang='lat' dir='ltr'>preceptores,</span> <span class='ocrx_word' id='word_1_309' title='bbox 1316 4466 1396 4518; x_wconf 91' lang='lat' dir='ltr'>selon</span> <span class='ocrx_word' id='word_1_310' title='bbox 1412 4482 1445 4518; x_wconf 90' lang='lat' dir='ltr'>ce</span> <span class='ocrx_word' id='word_1_311' title='bbox 1460 4466 1509 4533; x_wconf 93' lang='lat' dir='ltr'>qui</span> <span class='ocrx_word' id='word_1_312' title='bbox 1521 4474 1564 4517; x_wconf 87' lang='lat' dir='ltr'>est</span> <span class='ocrx_word' id='word_1_313' title='bbox 1575 4466 1617 4517; x_wconf 92' lang='lat' dir='ltr'>dit</span> 
     </span>
     <span class='ocr_line' id='line_1_35' title="bbox 476 4554 621 4606; baseline 0.007 -1"><span class='ocrx_word' id='word_1_314' title='bbox 476 4554 621 4606; x_wconf 78' lang='lat' dir='ltr'>cidessus.</span> 
     </span>
    </p>

    <p class='ocr_par' dir='ltr' id='par_1_8' title="bbox 412 4636 1617 4970">
     <span class='ocr_line' id='line_1_36' title="bbox 412 4636 1617 4709; baseline -0.006 -15"><span class='ocrx_word' id='word_1_315' title='bbox 412 4658 448 4709; x_wconf 78' lang='lat'>35</span> <span class='ocrx_word' id='word_1_316' title='bbox 509 4648 522 4684; x_wconf 83' lang='lat'>⁴</span> <span class='ocrx_word' id='word_1_317' title='bbox 538 4639 703 4693; x_wconf 87' lang='lat' dir='ltr'>Guillaume</span> <span class='ocrx_word' id='word_1_318' title='bbox 716 4639 761 4707; x_wconf 68' lang='lat'>1⁰¹,</span> <span class='ocrx_word' id='word_1_319' title='bbox 774 4641 816 4693; x_wconf 88' lang='lat' dir='ltr'>dit</span> <span class='ocrx_word' id='word_1_320' title='bbox 833 4641 860 4692; x_wconf 90' lang='lat' dir='ltr'>le</span> <span class='ocrx_word' id='word_1_321' title='bbox 878 4639 1121 4708; x_wconf 64' lang='lat' dir='ltr'>conquerantur}</span> <span class='ocrx_word' id='word_1_322' title='bbox 1138 4655 1174 4691; x_wconf 89' lang='lat' dir='ltr'>en</span> <span class='ocrx_word' id='word_1_323' title='bbox 1190 4652 1261 4704; x_wconf 88' lang='lat'>1027,</span> <span class='ocrx_word' id='word_1_324' title='bbox 1276 4646 1351 4690; x_wconf 83' lang='lat' dir='ltr'>mort</span> <span class='ocrx_word' id='word_1_325' title='bbox 1363 4654 1398 4689; x_wconf 92' lang='lat' dir='ltr'>en</span> <span class='ocrx_word' id='word_1_326' title='bbox 1414 4639 1486 4703; x_wconf 87' lang='lat'>1087,</span> <span class='ocrx_word' id='word_1_327' title='bbox 1500 4636 1617 4688; x_wconf 81' lang='lat' dir='ltr'>succeda</span> 
     </span>
     <span class='ocr_line' id='line_1_37' title="bbox 475 4721 1616 4794; baseline -0.003 -17"><span class='ocrx_word' id='word_1_328' title='bbox 475 4730 492 4777; x_wconf 77' lang='lat' dir='ltr'>it</span> <span class='ocrx_word' id='word_1_329' title='bbox 507 4742 559 4780; x_wconf 91' lang='lat' dir='ltr'>son</span> <span class='ocrx_word' id='word_1_330' title='bbox 576 4729 655 4794; x_wconf 77' lang='lat' dir='ltr'>pere,</span> <span class='ocrx_word' id='word_1_331' title='bbox 672 4725 781 4780; x_wconf 88' lang='lat' dir='ltr'>Robert</span> <span class='ocrx_word' id='word_1_332' title='bbox 798 4727 826 4779; x_wconf 88' lang='lat' dir='ltr'>le</span> <span class='ocrx_word' id='word_1_333' title='bbox 845 4726 955 4792; x_wconf 88' lang='lat' dir='ltr'>Diable,</span> <span class='ocrx_word' id='word_1_334' title='bbox 972 4743 1008 4778; x_wconf 91' lang='lat' dir='ltr'>en</span> <span class='ocrx_word' id='word_1_335' title='bbox 1025 4726 1210 4786; x_wconf 89' lang='lat' dir='ltr'>Normandie‚</span> <span class='ocrx_word' id='word_1_336' title='bbox 1222 4726 1272 4778; x_wconf 81' lang='lat' dir='ltr'>des</span> <span class='ocrx_word' id='word_1_337' title='bbox 1293 4740 1364 4788; x_wconf 85' lang='lat'>1034,</span> <span class='ocrx_word' id='word_1_338' title='bbox 1386 4733 1416 4776; x_wconf 91' lang='lat' dir='ltr'>et</span> <span class='ocrx_word' id='word_1_339' title='bbox 1432 4724 1516 4775; x_wconf 85' lang='lat' dir='ltr'>d&#39;une</span> <span class='ocrx_word' id='word_1_340' title='bbox 1536 4721 1616 4787; x_wconf 79' lang='lat' dir='ltr'>lacon</span> 
     </span>
     <span class='ocr_line' id='line_1_38' title="bbox 474 4810 1616 4882; baseline -0.005 -16"><span class='ocrx_word' id='word_1_341' title='bbox 474 4814 661 4881; x_wconf 76' lang='lat' dir='ltr'>incontestee,</span> <span class='ocrx_word' id='word_1_342' title='bbox 670 4814 770 4882; x_wconf 79' lang='lat' dir='ltr'>depuis</span> <span class='ocrx_word' id='word_1_343' title='bbox 783 4829 855 4880; x_wconf 76' lang='lat'>10473</span> <span class='ocrx_word' id='word_1_344' title='bbox 869 4814 889 4865; x_wconf 89' lang='lat' dir='ltr'>il</span> <span class='ocrx_word' id='word_1_345' title='bbox 898 4823 1040 4881; x_wconf 90' lang='lat' dir='ltr'>remporta</span> <span class='ocrx_word' id='word_1_346' title='bbox 1052 4829 1087 4865; x_wconf 88' lang='lat' dir='ltr'>en</span> <span class='ocrx_word' id='word_1_347' title='bbox 1103 4813 1166 4864; x_wconf 91' lang='lat'>1066</span> <span class='ocrx_word' id='word_1_348' title='bbox 1179 4813 1205 4863; x_wconf 90' lang='lat' dir='ltr'>la</span> <span class='ocrx_word' id='word_1_349' title='bbox 1217 4813 1335 4865; x_wconf 91' lang='lat' dir='ltr'>victoire</span> <span class='ocrx_word' id='word_1_350' title='bbox 1344 4811 1517 4878; x_wconf 86' lang='lat' dir='ltr'>d&#39;Hastings,</span> <span class='ocrx_word' id='word_1_351' title='bbox 1531 4810 1579 4878; x_wconf 90' lang='lat' dir='ltr'>qui</span> <span class='ocrx_word' id='word_1_352' title='bbox 1589 4810 1616 4861; x_wconf 90' lang='lat' dir='ltr'>le</span> 
     </span>
     <span class='ocr_line' id='line_1_39' title="bbox 473 4900 937 4970; baseline -0.004 -16"><span class='ocrx_word' id='word_1_353' title='bbox 473 4902 567 4954; x_wconf 89' lang='lat' dir='ltr'>rendit</span> <span class='ocrx_word' id='word_1_354' title='bbox 580 4902 683 4954; x_wconf 84' lang='lat' dir='ltr'>maltre</span> <span class='ocrx_word' id='word_1_355' title='bbox 693 4900 728 4952; x_wconf 92' lang='lat' dir='ltr'>de</span> <span class='ocrx_word' id='word_1_356' title='bbox 738 4900 937 4970; x_wconf 85' lang='lat' dir='ltr'>l&#39;Angleterre.</span> 
     </span>
    </p>
   </div>
   <div class='ocr_carea' id='block_1_5' title="bbox 0 0 2230 6124">
    <p class='ocr_par' dir='ltr' id='par_1_9' title="bbox 0 0 2230 6124">
     <span class='ocr_line' id='line_1_40' title="bbox 0 0 2230 6124; baseline 0 0"><span class='ocrx_word' id='word_1_357' title='bbox 0 0 2230 6124; x_wconf 95' lang='lat' dir='ltr'> </span> 
     </span>
    </p>
   </div>
  </div>
 </body>
</html>
