4450 6125
853 895 1007 976 Sancti
1036 893 1249 979 Huberti.
1575 899 1628 1010 67

490 1194 609 1268 edixit,
628 1204 677 1265 ut,
694 1194 721 1254 si
737 1194 868 1255 elevato
882 1191 971 1254 terro
986 1193 1102 1273 aliquo
1117 1194 1220 1255 modo
1242 1194 1402 1258 manibus
1425 1198 1526 1261 motis
1546 1198 1629 1261 titu-

492 1297 600 1369 baret,
617 1294 781 1357 continuo
797 1312 853 1356 eas
874 1294 1052 1365 incideret,
1068 1294 1095 1355 si
1112 1312 1193 1356 vero
1214 1305 1408 1360 constanter
1423 1300 1629 1379 persisteret,

495 1394 656 1478 patientie
679 1394 889 1475 persistentis
906 1394 1024 1455 statim
1043 1405 1175 1456 retento
1196 1396 1267 1458 ictu
1290 1407 1455 1476 parceret.
1474 1399 1633 1463 Gerbodo

492 1499 535 1561 ad
562 1499 670 1560 ictum
697 1497 858 1576 perstitit,
890 1496 1074 1577 statimque
1099 1515 1180 1558 eum
1210 1498 1418 1561 incolumem
1448 1502 1635 1582 deputatus

449 1631 464 1686 ς
495 1616 674 1681 percussor
693 1614 781 1677 pape
803 1596 1058 1676 representavit.
1087 1597 1228 1660 letatus
1253 1618 1341 1680 papa
1366 1602 1413 1664 sic
1439 1604 1634 1681 provenisse

495 1700 720 1781 penitentiam
734 1697 957 1766 Gerbodonis,
971 1714 1094 1759 manus
1105 1717 1192 1779 quas
1204 1700 1633 1767 detruncandasobtulerat

491 1802 560 1878 jam
574 1817 642 1861 non
654 1815 745 1867 suas,
755 1797 812 1858 sed
824 1796 958 1858 Domini
971 1814 1042 1858 esse
1054 1798 1231 1874 judicavit,
1241 1802 1461 1883 precepitque
1472 1804 1514 1875 ei,
1526 1814 1561 1865 ut
1570 1823 1631 1884 per

492 1901 665 1962 domnum
681 1899 861 1979 llugonem
875 1896 1096 1959 Cluniensem
1108 1900 1265 1961 abbatem
1276 1901 1284 1927 ¹
1294 1910 1478 1976 revertens,
1492 1903 1630 1965 referret

492 2000 522 2063 ei
541 2017 677 2062 omnem
696 2000 742 2059 rei
764 2000 920 2059 ordinem
944 2015 1047 2078 seque
1067 2000 1141 2073 ejus
1162 2000 1302 2061 consilio
1324 2002 1486 2065 crederet.
1509 2003 1565 2065 llle
1587 2007 1628 2067 ad

435 2136 466 2175 10
492 2104 651 2165 abbatem
671 2101 822 2170 veniens,
845 2099 917 2176 ejus
939 2099 1234 2163 exhortationibus
1249 2114 1264 2138 ⁰
1287 2102 1434 2164 credidit
1457 2113 1490 2165 et
1516 2117 1630 2183 postea

494 2202 642 2265 eximius
667 2202 732 2264 sub
757 2219 797 2261 eo
822 2200 1013 2261 monachus
1033 2200 1166 2262 claruit.
1195 2201 1379 2264 Comitissa
1400 2221 1493 2274 vero,
1519 2206 1631 2285 gracia

494 2302 661 2366 flandras
682 2300 905 2380 recuperandi
928 2310 961 2361 et
985 2299 1095 2361 illium
1121 2319 1223 2363 suum
1250 2302 1400 2364 occisum
1422 2303 1630 2379 vindicandi,

494 2403 698 2483 Philippum
724 2403 933 2463 Francorum
958 2417 1087 2480 regem,
1108 2400 1223 2479 ipsum
1244 2420 1381 2483 quoque
1407 2402 1631 2467 Godelridum

492 2503 615 2565 ducem
631 2512 665 2564 et
683 2502 861 2564 Albertum
878 2499 1040 2561 comitem
1059 2500 1308 2563 Namucensem
1333 2502 1528 2584 multosque
1550 2503 1633 2564 alios

434 2632 462 2685 ις
495 2603 715 2684 lotharingie
741 2612 773 2663 et
801 2600 940 2663 Franeie
964 2600 1133 2680 principes
1154 2602 1318 2663 adversus
1344 2603 1530 2664 Robertum
1556 2621 1635 2665 con-

492 2704 604 2769 duxit.
628 2713 744 2765 taxato
766 2702 910 2782 singulis
926 2703 1041 2779 precio
1055 2702 1209 2778 ejusdem
1224 2702 1490 2764 conductionis¹.
1509 2703 1634 2765 Fuerat

495 2815 611 2867 autem
627 2805 798 2884 predictus
813 2804 918 2864 abbas
934 2802 1034 2882 longo
1060 2814 1138 2863 ante
1165 2812 1318 2881 tempore
1347 2814 1380 2865 et
1408 2805 1576 2866 Balduino
1601 2814 1634 2866 et

497 2906 653 2968 Richeldi
683 2906 767 2966 adeo
796 2903 970 2965 lamiliaris
990 2913 1024 2963 et
1045 2903 1203 2975 dilectus,
1232 2916 1269 2966 ut
1298 2905 1500 2967 multociens
1525 2905 1635 2967 abeis

494 3017 655 3070 exoratus
670 3004 882 3087 aliquamdiu
901 3002 1058 3065 Flaudris
1075 3014 1269 3066 moraretur
1285 3022 1362 3067 cum
1379 3004 1458 3076 illis,
1473 3015 1506 3067 et
1520 3016 1634 3084 preter

431 3139 464 3178 ω
497 3110 606 3171 multa
635 3106 778 3169 donaria
799 3107 926 3187 quibus
948 3106 991 3165 ab
1014 3115 1159 3185 utruque
1182 3106 1315 3167 redibat
1342 3108 1539 3180 honoratus,
1564 3108 1634 3169 duo

493 3209 632 3280 allodia,
649 3208 775 3269 scilicet
790 3205 1010 3268 Sulmodium
1024 3195 1046 3279 ³,
1064 3205 1146 3266 satis
1160 3205 1364 3287 contiguum
1382 3209 1586 3268 monasterio
1601 3218 1634 3269 et

524 3367 550 3398 a.
570 3345 796 3399 exortationibus
807 3345 843 3394 A.

529 3564 536 3591 ¹
559 3555 687 3623 Hugues,
700 3553 772 3604 abbe
784 3552 818 3603 de
830 3552 924 3618 (Jluny
937 3551 972 3601 de
988 3553 1078 3614 ros9a
1095 3564 1165 3614 ¹¹09·

530 3650 539 3676 ¹
558 3642 613 3692 Sur
632 3639 769 3692 l'alliauce
787 3638 822 3689 de
842 3636 973 3702 Philippe
992 3636 1027 3686 ltr
1044 3652 1110 3686 avec
1131 3634 1271 3692 Riehilde,
1285 3650 1349 3702 roy.
1364 3634 1488 3684 linars-u
1508 3648 1545 3684 or
1565 3634 1638 3685 Lar·

434 3760 467 3812 ⁸5
496 3741 645 3790 rrnuovn,
656 3743 732 3778 auor.
745 3729 806 3789 citi,
817 3741 864 3792 pp.
876 3725 923 3787 283
937 3733 964 3775 et
977 3725 1060 3784 suiv„
1071 3734 1097 3773 et
1113 3733 1194 3772 notre
1206 3721 1367 3788 t'hraniquc,
1378 3722 1540 3781 ci-dessous‚
1552 3738 1579 3788 p.
1590 3723 1635 3777 682

497 3825 585 3883 quant
597 3830 632 3865 au
645 3814 699 3865 duc
711 3811 867 3865 Godelroid
880 3811 921 3876 (le
940 3810 1043 3871 Besso)
1057 3820 1085 3860 et
1102 3825 1137 3859 au
1154 3820 1248 3859 comte
1266 3809 1364 3858 rllbert
1379 3807 1417 3858 lll
1431 3809 1466 3859 de
1478 3806 1597 3868 Nanrur,
1611 3807 1638 3858 le

498 3903 567 3953 recit
587 3902 622 3952 de
640 3899 794 3955 Gislebcrt,
815 3914 839 3948 c.
862 3899 887 3954 8,
909 3913 979 3947 nous
1003 3897 1042 3946 les
1063 3906 1174 3946 mentre
1196 3910 1231 3946 en
1254 3895 1320 3945 eli'et
1340 3904 1458 3960 prenant
1480 3904 1551 3960 part,
1569 3910 1638 3945 avec

500 3986 591 4040 Henri
609 3986 634 4037 ll
651 3986 686 4036 de
705 3985 842 4043 Louvain,
864 3983 973 4034 Arnoul
995 3982 1029 4032 1⁰¹
1047 3982 1081 4032 de
1099 3983 1201 4048 chiny,
1221 3980 1320 4031 Conon
1340 3980 1374 4031 de
1394 3979 1539 4047 llloutaigu
1558 3988 1585 4029 et
1603 3979 1638 4029 de

503 4076 662 4128 nombreux
680 4083 782 4130 autres,
794 4074 809 4121 a
822 4071 902 4121 l'acte
917 4069 1117 4120 d'inleodation
1133 4068 1171 4118 du
1187 4067 1309 4117 llainaut
1322 4067 1391 4118 dont
1405 4066 1423 4115 il
1436 4082 1496 4116 sera
1508 4067 1638 4132 question

438 4190 473 4243 30
500 4161 565 4230 plus
578 4162 649 4224 loin;
670 4168 698 4211 et
716 4159 742 4210 le
759 4175 783 4210 c.
801 4173 830 4209 ιο
844 4159 878 4209 de
891 4157 1034 4208 (iislebert
1051 4156 1158 4221 precise
1175 4156 1266 4204 ainsi:
1286 4153 1419 4203 Richiliis
1435 4181 1507 4189 --
1519 4181 1546 4189 —
1568 4168 1639 4218 quas·

501 4263 614 4315 cumque
629 4248 714 4310 potuit
730 4246 867 4308 conducit,
886 4244 984 4293 scilicet
1000 4244 1091 4291 ducem
1110 4240 1258 4302 linitionis,
1276 4242 1395 4287 raiiritcm
1415 4236 1638 4302 ,lonium-inseri,

500 4336 620 4383 comitem
639 4331 842 4393 Lot-ametistus,
861 4333 981 4378 cuiiiitcm
999 4327 1197 4389 illontia-acuti,
1216 4330 1336 4375 coiiiitem
1357 4325 1498 4391 aninchi,
1520 4328 1639 4374 fomitem

501 4419 661 4471 Altimontis
669 4418 896 4484 niultosquculios,
907 4426 930 4465 et
940 4415 1050 4467 Roderto
1059 4432 1121 4482 quas
1128 4418 1214 4479 potuit
1223 4414 1338 4463 insultus
1340 4414 1407 4478 serit
1414 4431 1424 4465 ,·
1432 4421 1548 4461 uttiiiiren
1558 4410 1644 4462 nichil

499 4508 659 4574 eisproj'uit.

438 4620 473 4674 33
536 4592 746 4654 isalmoiium,
770 4589 878 4650 Smuid,
903 4600 944 4640 est
969 4605 1024 4639 une
1046 4588 1226 4654 dependance
1248 4587 1283 4637 de
1308 4585 1390 4637 Libin
1413 4584 1639 4652 (luxembourg,

504 4677 708 4738 Neulchateau,
727 4675 961 4740 Salui-Hubert):
982 4676 1051 4725 mais
1068 4674 1087 4724 il
1107 4672 1164 4724 iaut
1183 4673 1235 4724 lire
1249 4671 1450 4734 Suinniaulum,
1464 4673 1639 4729 cesta-dire,

502 4765 583 4818 selon
595 4766 631 4817 G,
647 4765 766 4824 Koara,
779 4780 854 4815 cuz-r.
867 4766 927 4825 citt,
942 4772 961 4812 t.
978 4761 998 4822 l,
1013 4778 1039 4828 p.
1055 4775 1095 4825 34,
1109 4777 1137 4810 n.
1156 4775 1176 4821 1,
1192 4759 1295 4818 Somal,
1309 4759 1488 4825 dependance
1507 4760 1541 4809 de
1558 4757 1641 4809 llatle

503 4850 637 4918 (Naurur,
666 4850 781 4911 Dinant,
811 4850 930 4916 Cluen:
961 4863 1009 4898 sur
1039 4847 1064 4897 la
1091 4846 1238 4898 confusion
1268 4847 1303 4897 de
1332 4845 1357 4895 la
1389 4844 1549 4912 t‘lirenique,
1577 4860 1641 4910 roy,

502 4938 667 4999 cidessous,
681 4953 708 5004 p.
723 4937 765 4998 68,
779 4952 806 4986 n.
822 4949 844 4985 2.
