4450 6125
838 893 992 975 Sancti
1022 892 1074 973 H
1073 891 1231 972 aberit.
1561 921 1614 1001 77

480 1187 618 1249 ecclesie
641 1188 729 1249 beati
754 1189 896 1250 liuberti
919 1190 1127 1269 optinuerat,
1153 1188 1250 1269 quasi
1273 1189 1499 1269 congavisuro
1519 1193 1616 1253 obtu·
1633 1202 1770 1256 107⁴·1075

483 1291 586 1370 lisset,
602 1291 644 1350 de
660 1307 765 1351 manu
786 1291 859 1368 ejus
878 1291 1007 1369 accepit
1022 1290 1107 1351 illud
1125 1291 1410 1352 archidiaconus⁶
1427 1292 1514 1353 Boso
1526 1294 1547 1362 ¹,
1565 1294 1620 1355 cui

482 1409 517 1453 se
532 1401 565 1452 et
579 1390 693 1450 omnia
713 1409 773 1452 sua
791 1392 1004 1469 procuranda
1024 1392 1117 1452 idem
1139 1391 1321 1470 episcopus
1343 1392 1532 1455 crediderat
1547 1413 1622 1474 spe-

484 1492 612 1564 cialius,
636 1503 673 1552 ut
694 1501 768 1572 erat
788 1490 960 1553 confectus
980 1494 1086 1553 senio.
1116 1492 1208 1551 ldem
1237 1493 1323 1553 Boso
1349 1493 1464 1554 abbati
1490 1492 1622 1572 jamdiu

442 1607 456 1658 5
485 1589 638 1654 infensus
663 1601 747 1663 erat,
774 1594 928 1673 eoquod
956 1594 1165 1671 prebendam
1182 1580 1320 1653 sunam
1346 1595 1481 1654 cuidam
1508 1597 1623 1674 nepoti

484 1711 547 1755 suo
564 1694 707 1755 Nasanie
719 1694 731 1719 ²
745 1694 942 1773 expetierat,
961 1711 1020 1754 nec
1040 1693 1303 1772 impetraverat3
1330 1696 1468 1756 undeet
1484 1695 1624 1758 collecto

483 1795 588 1854 livore
608 1793 822 1855 occasionem
845 1811 880 1854 se
904 1794 1097 1855 vindicandi
1120 1794 1286 1855 attentius
1308 1798 1484 1874 querebat.
1509 1797 1623 1876 Expli-

483 1897 548 1957 cita
570 1914 653 1976 ergo
673 1902 767 1956 carta
788 1906 820 1956 et
843 1894 992 1956 offensus
1014 1896 1142 1975 ignotis
1163 1896 1227 1957 sibi
1249 1897 1290 1957 ad
1316 1897 1499 1977 legendum
1522 1898 1623 1971 notis,

484 1997 611 2077 quibus
631 1997 898 2057 conscribuntur
914 1996 1090 2075 privilegia
1106 1997 1258 2058 Romane
1274 1997 1487 2058 auctoritatis
1498 1989 1510 2023 ³
1523 2012 1531 2058 ε
1545 2017 1621 2064 non.

431 2118 458 2154 ιο
484 2097 609 2178 inquit,
630 2097 780 2167 dubium,
798 2098 880 2176 quin
895 2098 949 2156 hic
970 2098 1068 2157 lateat
1088 2098 1232 2175 alicujus
1253 2097 1389 2174 fraudis
1410 2098 1622 2177 prestigium,

483 2200 571 2278 quod
586 2201 699 2278 utique
717 2201 798 2259 celat
819 2199 987 2259 barbaries
1007 2199 1128 2259 harum
1152 2206 1319 2259 notarum.
1340 2199 1491 2278 Raptum
1507 2202 1623 2260 abore

483 2300 557 2376 eius
570 2302 724 2367 verbum,
739 2299 836 2379 quasi
852 2301 893 2360 ad
907 2300 1056 2379 gratiam
1071 2299 1216 2360 dicentis
1232 2299 1380 2377 palatine
1397 2313 1518 2361 canes⁶
1533 2318 1624 2362 exce·

485 2411 622 2480 perunt,
652 2399 861 2461 censentesd
885 2399 1084 2479 diligentius
1118 2401 1405 2478 perscrutandum
1441 2402 1550 2481 quod,
1583 2409 1623 2463 ut

484 2500 622 2563 difficile
638 2502 680 2562 ad
698 2501 894 2581 legendum,
914 2500 1093 2561 videbatur
1113 2500 1295 2561 incertum.
1315 2500 1469 2560 Tandem
1486 2502 1623 2562 easdem

431 2623 453 2674 ις
485 2614 583 2665 notas
611 2602 738 2664 sensim
765 2612 1028 2681 perscrutantes
1055 2601 1105 2661 hii
1131 2601 1191 2681 qui
1217 2601 1307 2662 inter
1329 2601 1468 2662 clericos
1494 2603 1622 2676 jactita-

484 2704 611 2764 bantur
634 2702 1224 2782 perspicatiores,deprehenderunt
1247 2719 1319 2761 rem
1340 2712 1379 2763 ut
1396 2709 1480 2770 erat.
1497 2702 1623 2765 scilicet

484 2803 659 2865 ecclesiam
685 2804 772 2864 beati
802 2802 945 2864 Huberti
974 2802 1155 2882 specialius
1182 2804 1413 2882 mancipatam
1438 2803 1622 2882 apostolice

484 2904 682 2976 defensioni,
707 2915 893 2984 eternoque
918 2906 1137 2965 anathemate
1165 2902 1390 2965 interdictum
1419 2905 1624 2985 cuicumque

487 3024 629 3086 persone
644 3007 696 3068 vel
714 3006 884 3086 potestati,
904 3023 944 3066 ne
959 3005 1036 3086 quis
1051 3005 1080 3066 ei
1099 3015 1275 3084 presumat
1290 3005 1483 3084 dampnum
1503 3005 1625 3069 inferre

431 3130 458 3168 ro
487 3110 538 3170 vel
564 3109 740 3186 injuriam,
769 3111 819 3168 vel
845 3109 881 3168 in
907 3106 1093 3188 acquisitis,
1123 3108 1175 3167 vel
1202 3108 1238 3167 in
1263 3107 1490 3187 acquirendis,
1520 3115 1625 3186 utque

488 3209 706 3271 monachicus
726 3210 811 3269 ordo
832 3208 879 3268 ibi
900 3209 935 3268 in
958 3216 1166 3287 perpetuum
1185 3208 1254 3268 Deo
1275 3208 1400 3268 serviat
1416 3208 1502 3268 liber
1523 3207 1626 3269 totius

484 3308 768 3389 inquietudinis⁴.
789 3310 837 3369 Ad
862 3309 926 3369 hoc
948 3308 1046 3382 Boso,
1072 3317 1168 3387 rapta
1191 3308 1365 3368 occasione
1388 3307 1623 3382 insimulandi,

484 3420 612 3490 caput‘
637 3428 740 3472 suum
767 3409 925 3491 quatiens
948 3427 1028 3470 cum
1054 3410 1222 3489 suspiriis,
1249 3428 1289 3471 ex
1318 3409 1469 3470 maxima
1493 3409 1625 3486 iamdiu

486 3522 582 3591 cepta
618 3511 868 3591 indignatione,
904 3511 1144 3582 succlamavit,
1181 3512 1340 3572 abbatem
1375 3510 1626 3571 Theodericum

431 3634 454 3685 ις
487 3614 658 3675 abbatiam
681 3611 787 3673 sancti
804 3611 946 3673 Huberti
968 3612 1109 3672 omnino
1132 3611 1321 3690 prodidisse
1342 3613 1496 3673 Romano
1513 3612 1626 3690 ponti-

488 3712 552 3788 fici,
569 3713 746 3775 ecclesiam
765 3712 983 3773 leodiensem
1002 3711 1036 3772 in
1054 3714 1117 3772 hoc
1136 3712 1211 3790 ipso
1231 3712 1417 3773 incurrisse
1432 3714 1626 3791 dampnum

485 3814 710 3886 intolerabile,
728 3821 761 3874 et
780 3813 843 3873 nisi
863 3813 1044 3891 episcopus
1060 3811 1201 3893 ejusque
1217 3811 1333 3873 fideles
1349 3814 1518 3874 maturius
1534 3813 1627 3873 advi-

518 3993 544 4027 α.
563 3975 742 4026 archidianus
760 3976 797 4026 A.
817 4003 848 4011 —
866 3973 889 4023 l.
909 3974 1060 4038 prebedam
1080 3975 1117 4025 Α.
1137 4002 1168 4010 -
1187 3990 1210 4022 c.
1229 3973 1310 4023 Dans
1325 3975 1362 4029 A,
1381 3974 1484 4040 consus,
1500 3978 1629 4043 peut-lire

487 4077 580 4121 ranes;
599 4061 666 4110 dans
681 4062 731 4128 213,
750 4076 830 4111 ranes
845 4077 906 4110 avec
921 4062 995 4125 signe
1006 4058 1193 4109 d'abrtnialion
1206 4076 1254 4109 sur
1266 4076 1294 4119 a;
1308 4060 1375 4110 dans
1386 4060 1436 4121 A„
1450 4061 1581 4112 rationes.
1595 4089 1628 4098 -

431 4162 458 4212 to
487 4149 512 4201 d.
531 4147 612 4198 Dans
623 4149 661 4202 Α,
675 4147 778 4212 consus.
792 4175 824 4184 -
841 4164 863 4198 ι.
883 4146 972 4211 capud
986 4147 1022 4196 A.

521 4446 528 4471 ¹
547 4437 620 4504 Voy.
634 4438 778 4497 cinessus,
793 4454 817 4487 c·
835 4437 863 4487 16
874 4436 946 4504 (24),
962 4454 987 4502 p.
1003 4451 1044 4497 41,
1059 4452 1086 4485 n.
1101 4452 1126 4497 4.

520 4531 529 4557 ²
547 4522 693 4590 Nassogne
707 4522 934 4590 (Luxembourg,
948 4522 1074 4584 Marche,
1087 4520 1220 4572 chel-lieu
1233 4522 1268 4571 de
1280 4521 1408 4585 canton).

519 4616 530 4654 3
549 4608 573 4660 ll
590 4609 668 4677 s'agit
683 4610 732 4660 des
748 4611 902 4659 caracteres
918 4608 1070 4669 lombards,
1084 4607 1168 4658 d’une
1180 4606 1288 4657 lecture
1300 4622 1335 4655 en
1347 4604 1414 4655 effet
1425 4602 1549 4656 difficile.
1566 4603 1603 4654 Ci
1618 4642 1624 4656 .

487 4697 574 4757 Gutt,
588 4696 704 4746 Manucl
713 4698 743 4745 dc
754 4695 950 4762 diplomniiquc,
967 4712 993 4762 p.
1007 4694 1066 4761 669,
1080 4703 1148 4746 note
1160 4708 1185 4743 2.

431 4794 457 4848 ις
520 4792 533 4825 ⁴
551 4781 591 4832 Le
611 4783 802 4849 chroniqueur
822 4781 934 4832 resume
953 4790 1131 4832 exactement
1151 4780 1178 4831 le
1201 4778 1306 4830 double
1328 4778 1406 4844 objet
1429 4777 1464 4827 de
1487 4777 1513 4827 la
1537 4776 1623 4837 bulle,

486 4868 609 4936 laquelle
624 4868 724 4934 placait
740 4868 867 4936 l'abbaye
883 4867 1048 4918 ardennaise
1065 4883 1130 4918 sous
1148 4866 1175 4917 la
1190 4865 1291 4917 tutelle
1306 4865 1469 4916 immediate
1484 4864 1521 4914 du
1536 4862 1625 4915 Saint-

487 4954 569 5022 Siege
585 4964 613 5005 et
629 4954 669 5006 lui
686 4954 844 5007 confirmait
861 4955 887 5005 la
903 4955 1062 5021 possession
1080 4954 1116 5006 de
1132 4963 1196 5005 tous
1212 4969 1256 5004 ses
1273 4953 1353 5004 biens
1358 4969 1365 5013 ;
1387 4967 1451 5018 voy.
1474 4950 1625 5017 chronique

484 5039 648 5102 cidessous,
661 5056 708 5107 pp.
721 5042 750 5091 81
765 5049 795 5091 et
806 5041 878 5092 suiv.
