4450 6125
554 898 635 986 236
765 903 1077 985 Cantatorium
1106 909 1200 985 sive
1235 902 1484 984 Chronioon

551 1198 683 1260 otberto
703 1204 872 1277 pateretur
891 1200 1089 1261 consecrari.
1115 1200 1231 1261 Preter
1251 1198 1362 1259 omnia
1382 1200 1490 1257 autem
1505 1211 1569 1274 que
1585 1211 1693 1269 supra

550 1299 712 1372 diximus,
728 1300 887 1379 gravabat
908 1301 1074 1361 ecclesiam
1088 1305 1234 1362 castrum
1250 1296 1437 1379 quoddam¹
1452 1313 1520 1357 non
1536 1293 1639 1375 longe
1652 1292 1695 1354 ab

548 1418 584 1459 ea
608 1400 724 1473 situm,
751 1401 839 1479 quod
866 1400 1031 1462 Henricus
1058 1402 1229 1480 episcopus
1253 1400 1473 1470 destruxerat,
1497 1400 1528 1457 el
1552 1412 1592 1455 ne
1616 1394 1695 1474 quis

550 1500 637 1559 illud
658 1506 843 1574 restrueret,
868 1507 1023 1580 perpetuo
1043 1502 1248 1563 anathemate
1266 1502 1491 1562 damnaverat.
1515 1496 1586 1559 Hoc
1609 1515 1693 1557 ana-

548 1603 687 1663 themate
724 1603 915 1680 postposito,
954 1603 1110 1664 Otbertus
1145 1604 1189 1664 ad
1224 1602 1463 1682 oppressionem
1495 1598 1695 1661 monasterii
1736 1611 1753 1663 5

547 1703 634 1762 illud
654 1702 901 1777 reformaverat,
918 1709 948 1764 et
959 1703 1099 1782 fratres,
1117 1721 1237 1782 corpus
1253 1703 1339 1764 beati
1352 1701 1493 1762 Huberti
1510 1700 1609 1780 quasi
1628 1717 1692 1779 pro

545 1804 719 1865 obtinenda
748 1805 978 1865 misericordia
1008 1805 1066 1866 illo
1094 1804 1280 1884 deserentes,
1308 1821 1411 1881 usque
1438 1802 1481 1863 ad
1507 1801 1691 1880 sanguinis

544 1899 739 1980 effusionem
767 1906 906 1981 propria
935 1921 1037 1964 manu
1067 1908 1276 1966 mactaverat.
1307 1902 1375 1963 Hec
1402 1903 1517 1963 omnia
1544 1919 1623 1961 cum
1650 1902 1691 1963 de

544 2002 679 2065 Otberto
708 2004 863 2064 Wiredus
889 2009 1005 2077 nosset,
1031 2012 1128 2079 rapto
1153 2009 1260 2065 lamen
1284 2002 1383 2065 semel
1408 2003 1531 2064 honore
1554 2002 1690 2080 privari

544 2104 667 2176 timuit,
684 2109 715 2163 et
730 2109 857 2164 mutata
879 2106 1037 2166 sententia
1060 2123 1160 2185 quam
1175 2104 1343 2166 nobiscum
1360 2107 1519 2180 tenuerat,
1535 2102 1597 2163 Dei
1610 2104 1688 2184 glo-
1717 2119 1745 2156 ¹⁰

543 2204 629 2264 riam
665 2206 856 2282 contempsit
890 2210 922 2266 et
955 2224 1050 2266 suam
1083 2206 1235 2286 quesivit,
1266 2205 1376 2285 sicque
1405 2208 1613 2265 consecratus
1644 2202 1687 2265 ab

544 2304 689 2376 Otberto,
707 2305 821 2366 invitis
838 2305 1015 2384 fratribus,
1034 2324 1094 2381 pro
1112 2311 1206 2382 patre
1219 2324 1252 2367 se
1265 2306 1424 2367 violenter
1444 2303 1595 2385 ingessit.
1613 2304 1688 2367 Hac

543 2407 775 2487 indignatione
792 2406 914 2484 fratres
933 2408 1086 2487 dispersi,
1109 2425 1184 2468 cum
1206 2409 1458 2486 insequerentur
1477 2404 1519 2465 ab
1538 2422 1588 2477 eo,
1608 2405 1686 2484 qui-

543 2507 679 2568 busdam
719 2508 922 2591 secutaribus
960 2509 1140 2581 conductis,
1176 2505 1403 2587 confugerunt
1439 2506 1483 2566 ad
1510 2503 1685 2566 auxilium

541 2607 666 2668 ecclesie
692 2605 860 2668 Remensis
884 2613 914 2669 et
942 2608 1184 2670 Laudunensis.
1222 2607 1273 2668 Eo
1300 2624 1430 2686 quoque
1457 2606 1533 2667 illos
1560 2604 1686 2666 ibidem
1717 2624 1744 2677 ις

540 2718 764 2786 prosequente,
798 2727 872 2768 cum
904 2710 939 2769 in
971 2710 1134 2788 presentia
1165 2709 1280 2770 domni
1310 2707 1474 2780 Manasse,
1503 2706 1687 2769 Remorum

540 2809 693 2884 episcopi,
716 2813 746 2869 et
766 2809 988 2889 Engelranni,
1012 2810 1245 2872 Laudunensis
1266 2809 1418 2888 episcopi,
1441 2826 1556 2870 rerum
1577 2812 1690 2889 gesta·

542 2927 616 2968 rum
644 2909 732 2970 inter
758 2928 817 2970 nos
841 2912 929 2971 ratio
947 2909 1056 2987 fieret,
1079 2929 1120 2972 ex
1139 2911 1266 2972 decreto
1287 2912 1463 2990 utriusque
1475 2906 1618 2986 firmata
1638 2914 1690 2972 est

542 3010 636 3072 nobis
656 3011 825 3081 sententia,
841 3013 935 3073 adire
956 3028 1015 3073 nos
1036 3012 1182 3074 Romane
1202 3012 1288 3074 sedis
1307 3011 1523 3087 audientiam,
1539 3015 1570 3073 el
1584 3028 1690 3089 super

540 3112 592 3173 tiis
616 3116 759 3172 vestrum
784 3117 951 3189 expectare
971 3110 1142 3192 judicium
1165 3118 1197 3176 et
1211 3111 1393 3193 justitiam.
1422 3111 1577 3174 Venimus
1599 3130 1687 3192 ergo
1716 3133 1751 3172 so

539 3212 602 3273 truc
617 3211 800 3273 multorum
813 3213 1051 3292 religiosorum
1064 3215 1202 3291 impulsi
1215 3214 1364 3289 consitio,
1377 3231 1521 3294 quorum
1533 3215 1686 3276 maxima

538 3313 715 3391 expectatio
735 3331 775 3374 er
794 3319 908 3376 nostro
921 3316 1038 3392 pendet
1056 3315 1251 3391 spectaculo,
1269 3322 1307 3377 ut
1320 3316 1371 3377 vel
1384 3334 1426 3377 ex
1440 3320 1555 3379 nostra
1568 3333 1688 3378 conso-

537 3413 659 3473 latione
673 3413 716 3472 ad
728 3413 949 3491 defensionem
968 3433 1041 3476 vere
1047 3413 1133 3493 fidei
1146 3421 1176 3476 et
1192 3421 1292 3476 vestre
1297 3413 1474 3493 fidelitatis
1488 3412 1683 3494 proficiant,

537 3514 585 3575 vel
599 3515 687 3594 quod
701 3515 797 3586 absit,
813 3533 853 3577 ex
867 3521 981 3577 nostra
1003 3516 1200 3578 desolatione
1219 3522 1250 3579 el
1269 3516 1458 3595 defectione,
1474 3523 1504 3580 el
1521 3517 1588 3596 ipsi
1600 3516 1685 3595 defi·

536 3614 636 3677 ciant.
661 3613 832 3677 Consulite
853 3616 964 3696 igitur
985 3622 1088 3678 vestre
1103 3616 1246 3698 justitie,
1270 3624 1373 3680 vestre
1400 3618 1489 3696 same
1517 3625 1687 3699 vestraque
1715 3643 1749 3697 25

536 3716 737 3788 auctoritati,
756 3735 812 3777 nec
832 3716 1019 3793 infidelium
1035 3724 1064 3779 et
1079 3719 1252 3780 rebellium
1274 3720 1483 3782 insolentiam
1497 3737 1556 3799 per
1569 3721 1686 3798 impu·

537 3816 669 3876 nitatem
685 3835 826 3879 crescere
837 3829 852 3856 ⁰
867 3819 997 3880 sinatis.

576 4017 635 4075 91.
660 4011 759 4089 (118.)
783 4014 935 4078 Recitata
951 4018 986 4077 in
1003 4019 1174 4096 presentia
1191 4019 1317 4082 Urbani
1333 4038 1419 4099 pape
1432 4021 1539 4099 hujus
1553 4021 1688 4086 clamo·

538 4113 583 4174 ris
609 4113 743 4194 pagina,
775 4122 851 4176 eta
884 4116 1046 4179 Romanis
1074 4120 1189 4198 sepius
1217 4128 1251 4182 et
1280 4120 1479 4202 diligentius
1502 4122 1687 4204 ventilata,

537 4214 694 4276 abbatem
716 4216 761 4277 sic
780 4216 987 4279 destitutum
1003 4221 1046 4279 ob
1063 4218 1265 4282 fidelitatem
1279 4222 1415 4283 ecclesie
1432 4223 1587 4286 Romane
1601 4243 1689 4290 con·
1717 4250 1755 4300 30

538 4315 735 4387 doluerunt,
763 4326 795 4378 et
821 4318 1013 4392 wiredum,
1043 4321 1107 4382 nisi
1137 4321 1347 4401 resipisceret
1377 4331 1412 4384 et
1440 4322 1513 4386 loco
1533 4326 1688 4407 eederet,

537 4418 911 4479 excommunicandum
933 4419 1006 4480 sine
1025 4419 1188 4482 dilatione
1208 4422 1442 4484 decreverunt.
1463 4420 1690 4506 Suffragante

570 4608 597 4644 n.
616 4608 755 4645 cresscere
767 4596 804 4646 rt.

537 4781 829 4794 *-

574 4947 578 4966 ¹
601 4938 758 5006 Mutum,
770 4943 914 5000 ei-dessus,
929 4961 975 5011 pp.
991 4959 1037 5010 ²¹7
1051 4955 1077 4997 et
1092 4946 1164 4997 suiv.
