4450 6125
844 847 1000 931 Sancti
1030 847 1240 931 Huberti.
1569 839 1621 946 57

483 1142 663 1226 privilegio
674 1144 1083 1209 determinatas-Anno
1095 1142 1170 1223 1075
1183 1156 1210 1203 ⁶.
1226 1141 1356 1205 Nostris
1365 1149 1482 1202 autem
1495 1148 1627 1217 tempo-
1677 1158 1749 1210 ¹075·

484 1246 592 1319 ribus,
606 1244 841 1319 Godiscaldus,
854 1248 960 1310 abbas
973 1246 1197 1310 llasteriensis
1211 1246 1231 1319 ¹,
1248 1243 1454 1306 Palatienses
1465 1238 1478 1279 ὃ
1488 1250 1627 1302 cruces‘

484 1345 719 1410 fraudulenter
737 1356 964 1427 temptaverat
984 1347 1205 1419 imminuere,
1227 1354 1261 1407 et
1281 1341 1484 1407 muneribus
1502 1340 1629 1421 presbi-

485 1456 578 1512 teros
592 1446 751 1510 villarum
774 1448 949 1524 seducens,
974 1448 1125 1511 llarneas
1140 1448 1162 1522 ²,
1181 1444 1374 1515 Gabelium,
1393 1442 1589 1504 wilerceias
1604 1432 1627 1514 ³,

445 1566 458 1619 s
488 1557 651 1630 utrasque
667 1546 852 1610 aursinas⁴
866 1557 901 1610 et
921 1559 1083 1630 utrasque
1107 1548 1237 1610 Letires
1250 1537 1273 1618 ⁵,
1300 1543 1476 1606 Riennes³
1482 1533 1507 1616 ⁶,
1529 1541 1629 1604 Gedi·

488 1666 568 1711 nam
584 1647 606 1719 ⁷,
627 1647 798 1711 Granthes
812 1638 835 1720 ⁸,
852 1650 1036 1712 detrahens
1055 1661 1179 1721 nostre,
1197 1666 1256 1710 sue
1275 1651 1463 1708 attraxerat
1479 1642 1628 1706 ecclesie.

488 1748 583 1812 lianc
607 1748 682 1824 eius
706 1750 1001 1829 presumptionem
1027 1759 1240 1829 compertam
1266 1748 1370 1809 abbas
1400 1744 1630 1806 Theodericus

486 1847 640 1932 graviter
660 1848 752 1922 tulit,
768 1859 802 1911 et
818 1861 856 1914 ut
871 1851 949 1913 inde
964 1850 1029 1912 sibi
1052 1848 1274 1929 responderet
1293 1846 1328 1907 in
1343 1844 1487 1908 concilio
1504 1843 1631 1923 presbi-

488 1959 642 2012 terorum
658 1949 787 2012 Grades
802 1950 1022 2013 denominato
1037 1967 1098 2029 per
1116 1948 1354 2012 Freduardum
1369 1946 1540 2008 decanum
1554 1963 1631 2006 evo·

432 2072 463 2108 ιο
488 2048 589 2112 cavit.
621 2049 668 2112 lbi
698 2049 958 2126 Godiscaldus‘,
986 2062 1142 2131 presente
1169 2051 1300 2113 Bosone
1328 2045 1597 2110 archidiaconos
1606 2050 1628 2115 ⁹.

489 2149 696 2213 Ernetboldo
716 2150 833 2213 altaris
853 2153 1026 2226 advocato,
1043 2151 1220 2214 convictus
1235 2149 1363 2227 iudicio
1384 2157 1419 2211 et
1440 2148 1631 2210 subclama-

487 2248 580 2313 tione
595 2250 705 2312 tocius
719 2251 863 2322 concilii.
879 2252 1014 2315 ecclesie
1034 2251 1122 2313 beati
1148 2250 1291 2313 liuberti
1314 2248 1406 2332 quod
1430 2265 1534 2310 suum
1559 2257 1632 2309 erat

488 2349 531 2410 ab
558 2348 701 2430 antiquo
729 2349 864 2429 publice
897 2350 1109 2432 recognovit,
1140 2367 1388 2430 assurgensque
1421 2346 1632 2409 Theoderico

489 2448 603 2511 abbati
622 2449 750 2528 justitie
766 2452 907 2513 vadium
928 2449 958 2513 ei
982 2468 1040 2531 per
1058 2449 1228 2512 manicam
1251 2448 1365 2511 tunice
1384 2464 1444 2510 sue
1464 2445 1629 2526 porrexit,

434 2574 462 2625 ις
492 2566 556 2631 pro
578 2568 648 2631 quo
668 2561 701 2613 et
723 2552 825 2614 vades
845 2553 962 2614 decem
985 2552 1153 2613 librarum
1174 2559 1315 2612 exactus
1335 2547 1507 2628 deposuit,
1530 2546 1631 2609 etsie

491 2649 651 2731 deinceps
664 2669 682 2711 a
699 2653 958 2731 presumptione
974 2670 1036 2714 sua
1050 2651 1203 2713 cessavit.

525 2872 551 2908 a.
571 2856 650 2907 Dans
663 2858 700 2915 Α.
712 2873 787 2910 anno
801 2870 842 2910 mt
854 2858 920 2910 lxxv
933 2876 1013 2925 coepe
1024 2875 1055 2908 en
1068 2859 1138 2909 derce
1150 2859 1173 2907 le
1185 2866 1238 2908 mot
1250 2856 1446 2924 palatinenses.
1460 2882 1491 2893 -
1510 2852 1533 2905 b.
1553 2852 1633 2904 Dans

493 2943 531 3004 A,
541 2942 738 3009 palatinenses.
748 2973 780 2984 -
797 2963 819 2996 c.
834 2962 945 2997 erueres
956 2946 993 2997 A.
1004 2975 1036 2984 -
1052 2946 1077 2997 d.
1092 2946 1190 2996 aeines
1202 2961 1234 2995 ou
1248 2959 1344 2996 aemes
1356 2942 1379 2992 Α
1389 2959 1400 2997 ,·
1412 2942 1510 2993 nevies
1522 2937 1634 2994 troii,-

493 3045 534 3081 τις
545 3032 610 3081 trois
620 3029 705 3092 leporis
715 3041 774 3085 sont
789 3032 933 3101 igalernent
947 3051 998 3100 peu
1015 3033 1219 3100 satissuisnnten
1236 3031 1326 3098 ilsnut
1336 3031 1453 3096 corriger
1464 3045 1496 3079 en
1511 3029 1632 3086 riennes,

435 3136 469 3175 to
496 3116 597 3173 rienes,
611 3135 666 3186 aoy.
678 3120 818 3171 ci-dessoas
831 3129 887 3171 note
898 3127 924 3172 o.
945 3150 976 3159 -
993 3139 1014 3173 e.
1029 3119 1214 3172 Godiscalcus
1226 3121 1263 3170 sl.
1278 3147 1308 3156 -
1320 3116 1348 3183 s.
1366 3119 1534 3168 archiacono
1548 3116 1584 3166 A.

531 3420 538 3448 ¹
558 3412 681 3465 Succeda
698 3418 713 3465 a
731 3414 822 3467 l'abbe
844 3415 977 3467 Lamoen
999 3417 1067 3467 dans
1089 3416 1115 3466 la
1136 3415 1276 3466 direction
1297 3414 1346 3465 des
1369 3415 1553 3467 monasteres,
1572 3414 1636 3463 unis

495 3498 579 3562 alors,
592 3499 752 3553 d'Hastiere
764 3511 793 3552 et
805 3502 840 3553 de
852 3501 1010 3560 Waulsort;
1024 3514 1065 3552 est
1078 3502 1134 3553 cite
1147 3501 1216 3552 dans
1233 3501 1373 3568 plusieurs
1386 3501 1505 3558 charles,
1524 3499 1558 3549 de
1575 3501 1636 3562 1076

496 3585 602 3651 i1087:
618 3598 732 3639 mourut
747 3603 810 3639 vers
826 3603 896 3640 1101.
915 3588 988 3656 Voy.
1007 3588 1131 3639 Historia
1156 3587 1369 3637 ll'nlcindorensis
1389 3588 1551 3635 »nonasterii
1569 3585 1637 3635 dans

498 3671 540 3723 les
554 3671 658 3728 MGH.
673 3672 724 3733 SS,
740 3681 760 3725 t.
772 3673 847 3735 XlV,
862 3691 888 3742 p.
904 3675 966 3739 526;
982 3674 1143 3732 Bentian,
1158 3673 1323 3724 ,llonastlcon
1337 3671 1414 3735 helpe.
1431 3681 1450 3722 t.
1464 3671 1484 3731 l,
1502 3671 1638 3721 rfllivrsi·

439 3775 470 3826 25
499 3773 659 3826 sompes.

533 3853 542 3880 ¹
563 3845 711 3914 Hargnies,
725 3862 875 3899 commune
893 3847 930 3899 du
949 3848 1145 3914 departement
1162 3848 1211 3899 des
1228 3847 1386 3908 Ardennes,
1400 3845 1640 3897 arrondissement

499 3930 535 3984 de
549 3930 672 3999 Rocroy.

533 4023 543 4062 ³
561 4016 706 4070 Willerzie
719 4017 852 4080 (Namur,
870 4018 1001 4086 llinant).

533 4111 543 4145 ⁴
563 4101 851 4171 Bourseigne·Vieille
862 4114 890 4155 et
907 4104 1192 4174 BourselgneNeuve
1205 4103 1339 4171 (Namur,
1355 4101 1484 4168 Dinant).

441 4205 473 4255 5ο
534 4195 543 4232 ³
564 4188 885 4243 iuuene-Saint-l'ierre
897 4202 925 4242 et
939 4190 1252 4244 Louette-Saint·Denis
1265 4190 1400 4256 (Namur.
1416 4189 1545 4252 Dinant).

532 4278 545 4312 δ
565 4275 585 4327 ll
598 4277 733 4345 n’yapas
750 4278 785 4329 de
798 4278 910 4330 lomlite
922 4279 959 4330 du
973 4294 1039 4330 nom
1051 4279 1087 4330 de
1099 4277 1206 4329 Neines
1218 4295 1254 4330 ou
1270 4277 1389 4330 Nemes:
1405 4277 1423 4327 il
1436 4292 1471 4326 en
1490 4277 1579 4326 existe
1592 4290 1641 4341 par

498 4372 598 4415 ooatre
617 4379 671 4415 une
689 4364 726 4415 du
746 4380 812 4416 nom
830 4366 866 4417 de
884 4365 1016 4426 Riennes,
1030 4365 1139 4417 Rienne
1156 4363 1290 4428 (Namur,
1308 4362 1439 4429 Dinant),
1454 4363 1640 4429 precisement

499 4447 603 4501 dansle
612 4450 743 4518 doyenne
754 4451 790 4502 de
801 4451 906 4503 Graide
919 4467 955 4503 ou
969 4451 995 4502 le
1008 4452 1119 4503 district
1136 4451 1171 4502 de
1188 4449 1317 4509 Paliseul,
1328 4465 1394 4516 roy.
1405 4448 1430 4499 la
1441 4448 1519 4500 bulle
1530 4448 1642 4500 d’lnno·

501 4545 566 4587 cent
588 4535 624 4598 ll,
645 4536 781 4588 ci-dessus
802 4553 829 4603 p.
850 4550 890 4602 55,
912 4547 979 4588 note
1000 4555 1032 4599 ις
1055 4536 1372 4606 paleograpltiquement
1392 4533 1419 4585 la
1440 4533 1586 4586 confusion
1605 4535 1641 4588 de

441 4632 473 4685 35
503 4623 606 4685 rienes,
618 4624 731 4675 riennes
742 4639 810 4675 avec
822 4625 929 4684 aeines,
942 4639 1039 4675 aemes
1055 4633 1097 4676 est
1110 4623 1185 4676 aisee
1197 4627 1212 4674 a
1224 4621 1383 4689 expliquer.

535 4716 547 4756 7
564 4707 695 4761 Gedinne
709 4708 843 4774 (Namur,
859 4708 988 4778 Dinant).

534 4797 546 4834 ⁸
563 4795 668 4849 Graide
681 4795 816 4864 (Namur,
832 4796 962 4865 Dinaut).

533 4892 546 4923 ⁰
563 4883 636 4953 Voy.
649 4885 794 4947 cidessus,
808 4901 832 4936 c.
847 4885 885 4936 16.
