4450 6125
937 871 1091 956 Sancti
1122 875 1332 959 Huberli.
1637 882 1712 991 173

572 1164 807 1247 diligentiores
821 1166 869 1228 illi
885 1169 1047 1231 servande
1062 1168 1248 1234 fidelitatis.
1264 1175 1289 1235 Α
1304 1192 1375 1254 quo
1388 1175 1445 1236 vix
1460 1176 1663 1249 obtinentes,
1677 1190 1715 1241 ut

571 1266 669 1346 quasi
692 1267 726 1327 in
746 1268 887 1330 oonsilio
912 1269 1110 1350 loqueretur
1131 1273 1191 1344 eis,
1214 1274 1412 1354 compositis
1438 1278 1715 1358 suggestionibus

571 1368 791 1430 elaborabant
806 1386 886 1430 eum
900 1386 1056 1432 revocare
1068 1372 1286 1453 sibimetipsi,
1300 1374 1449 1437 dicentes
1461 1376 1560 1440 illum
1572 1379 1713 1458 quidem

573 1469 757 1546 iustissime
786 1469 896 1541 irasci,
927 1471 985 1531 sed
1016 1489 1087 1534 esse
1123 1472 1330 1550 injuriosum
1365 1477 1408 1537 ab
1442 1475 1491 1539 ira
1523 1478 1713 1557 sapientem

530 1590 543 1640 5
573 1570 783 1650 supervinci;
809 1571 964 1632 mirabile
990 1574 1153 1635 omnibus
1175 1574 1280 1636 videri
1308 1593 1389 1636 eum
1415 1576 1585 1651 clausisse,
1606 1588 1640 1640 et
1667 1579 1714 1640 sic

570 1669 755 1733 excussisse
787 1671 1005 1751 evangelium
1036 1674 1113 1746 Dei;
1143 1692 1178 1736 se
1210 1693 1270 1737 nec
1299 1676 1396 1750 velle,
1429 1695 1488 1740 nec
1518 1696 1615 1758 posse
1644 1679 1712 1759 pati

569 1768 733 1843 officium,
765 1773 856 1853 quod
888 1773 1122 1847 interdixerat,
1155 1776 1305 1855 amplius
1333 1777 1557 1858 interrumpi;
1589 1780 1624 1840 in
1654 1779 1712 1841 tali

570 1872 706 1952 negotio
732 1889 798 1933 non
827 1882 1002 1945 temerate,
1028 1875 1084 1935 sed
1111 1876 1267 1939 consulto
1291 1894 1379 1956 opus
1402 1896 1474 1940 esse
1493 1879 1710 1960 [agendum],

571 1975 749 2050 presertim
780 1992 861 2035 cum
890 1974 919 2034 ei
949 1974 1101 2036 subesset
1138 1986 1285 2055 potestas
1319 1979 1566 2059 cuiuscumque
1596 1979 1709 2050 vellet,

516 2092 542 2129 ro
569 2074 854 2135 convenientioris
880 2085 993 2136 tamen
1024 2075 1184 2137 vindicte.
1213 2077 1261 2138 Ad
1293 2078 1354 2138 hec
1380 2076 1543 2140 Otbertus
1571 2078 1711 2142 erubuit

568 2175 827 2254 presumpsisse,
858 2176 950 2256 quod
985 2178 1055 2251 jam
1083 2178 1198 2238 sanior
1228 2176 1332 2239 nollet
1357 2177 1484 2251 iecisse,
1517 2190 1550 2242 et
1577 2181 1711 2260 publice

565 2272 737 2336 confessus
747 2286 808 2349 est,
822 2293 858 2337 se
870 2285 952 2338 tunc
964 2277 1067 2338 etiam
1083 2278 1269 2339 maximam
1282 2276 1503 2341 formidinem
1518 2280 1708 2359 pertulisse,

564 2389 644 2435 cum
659 2376 772 2437 subito
785 2377 985 2457 respexisset
1000 2375 1121 2440 fratres
1136 2378 1360 2440 consistentes
1373 2379 1407 2440 in
1419 2382 1525 2441 choro
1540 2380 1707 2454 ordinate,

564 2486 598 2537 et
610 2477 805 2555 posthabito
819 2478 914 2538 omni
925 2478 999 2551 eius
1011 2479 1145 2550 timore,
1163 2479 1230 2539 Deo
1242 2478 1302 2539 soli
1316 2490 1511 2541 reverenter
1522 2480 1706 2554 deservire,

523 2597 535 2648 ς
567 2576 712 2638 miratus
732 2594 811 2639 cum
833 2578 1067 2658 indignatione
1087 2587 1138 2639 tot
1159 2587 1193 2638 et
1214 2578 1298 2639 tales
1318 2578 1444 2639 ibidem
1461 2597 1495 2640 se
1515 2580 1705 2654 offendisse,

563 2695 643 2739 cum
671 2679 734 2740 sibi
761 2680 963 2741 nunciatum
992 2689 1079 2740 esset
1109 2696 1295 2759 perpaucos
1325 2682 1359 2740 io
1391 2680 1463 2741 loco
1492 2680 1706 2743 remansisse.

562 2778 697 2854 Quibus
712 2779 827 2841 statim
844 2779 1052 2841 satisfaciens
1066 2780 1158 2861 quod
1175 2797 1233 2841 eos
1244 2780 1468 2861 inquietasset
1480 2781 1705 2848 inconsultus.

563 2889 602 2940 ut
629 2891 769 2960 ceptum
804 2880 957 2943 officium
992 2891 1244 2962 exequerentur
1280 2883 1457 2944 humiliter
1491 2883 1643 2962 expetiit,
1674 2894 1708 2946 et

562 2979 737 3042 ecclesiam
766 2984 863 3043 exiit.
897 2981 944 3043 Ea
973 2982 1028 3044 die
1055 2982 1160 3060 copiis
1189 2999 1304 3044 secum
1333 2983 1470 3055 delatis,
1502 2983 1708 3062 prandentes

516 3100 537 3137 to
566 3083 759 3161 plenissime
780 3083 906 3155 reiecit,
930 3102 996 3145 non
1020 3095 1058 3146 ut
1078 3084 1325 3165 regratiaretur
1345 3087 1565 3164 exasperatis,
1588 3087 1645 3147 sed
1671 3097 1709 3148 ut

564 3184 685 3246 leniret
707 3185 844 3256 exeniis
867 3204 954 3266 quos
976 3202 1043 3245 non
1067 3196 1282 3245 concusserat
1307 3186 1495 3247 terroribus
1518 3187 1707 3248 intentatis.

564 3284 719 3346 Preterea
733 3303 792 3364 per
807 3286 975 3367 quosdam
991 3294 1226 3364 opportunos·
1242 3286 1348 3362 partis
1362 3302 1421 3345 sue
1438 3302 1557 3345 omnes
1575 3285 1706 3345 blandi·

561 3383 618 3445 tiis
632 3384 774 3457 ambire,
794 3384 1010 3465 singulorum
1027 3384 1161 3444 animos
1175 3394 1355 3454 attentare,
1373 3382 1543 3445 firmiores
1558 3384 1705 3446 circum·

563 3487 688 3560 venire,
709 3486 915 3547 infirmiores
936 3485 1098 3556 invenire,
1118 3485 1351 3546 bumilitatem
1370 3495 1403 3546 et
1425 3483 1706 3546 humanitatem*

519 3604 531 3655 5
561 3603 660 3645 suam
672 3603 752 3665 erga
765 3603 821 3645 eos
832 3583 996 3645 attentius
1008 3584 1261 3652 commendare,
1276 3599 1466 3663 eorumque
1483 3582 1703 3655 utilitatibus,

561 3685 587 3745 si
603 3685 765 3753 sinerent,
779 3704 813 3745 se
828 3701 1048 3745 communem
1065 3682 1145 3744 lore.
1166 3683 1212 3744 lta
1230 3700 1289 3761 per
1306 3701 1385 3744 suos
1399 3683 1575 3744 attentatis
1590 3681 1704 3744 fratri-

562 3788 637 3860 bus,
662 3786 907 3847 incrastinum
930 3785 1155 3862 semetipsum
1178 3784 1225 3844 eis
1248 3784 1455 3862 presentavit
1477 3783 1654 3855 Otbertus,
1670 3797 1704 3847 et

559 3889 718 3966 quamvis
734 3887 780 3946 illi
794 3897 990 3966 assurgere<
1002 3885 1282 3964 dedignantibus,
1298 3884 1571 3963 indignationem
1588 3894 1703 3946 tamen

560 4004 658 4049 suam
689 3987 906 4049 dissimulare
938 3987 1070 4057 doctus,
1101 3986 1198 4068 quasi
1229 3986 1350 4046 dolens
1380 4003 1442 4064 pro
1470 3988 1534 4059 eis,
1566 3997 1604 4048 ut
1633 4004 1703 4047 sese

517 4110 534 4144 0
562 4089 726 4149 haberent
751 4090 839 4166 cepit
869 4088 1095 4167 percunctari,
1120 4088 1337 4148 necessitates
1358 4103 1491 4149 eorum.
1515 4104 1553 4147 ac
1574 4088 1601 4147 si
1626 4103 1705 4146 suas

561 4189 735 4268 conqueri,
761 4200 919 4267 paratum
945 4206 980 4248 se
1003 4188 1036 4247 in
1064 4187 1226 4248 omnibus
1252 4187 1430 4247 consulere
1460 4186 1537 4258 illis,
1566 4196 1703 4248 tantum

559 4292 668 4370 sopita
705 4291 799 4351 omni
836 4291 1051 4351 contentione
1080 4288 1312 4349 consentirent
1348 4288 1430 4357 sibi,
1462 4288 1603 4348 mallent
1630 4286 1704 4367 ejus

558 4393 705 4472 experiri
722 4392 909 4452 amicitiam
924 4408 1028 4472 quam
1049 4388 1280 4463 inimicitiam,
1298 4401 1479 4468 pensantes
1498 4387 1597 4465 cujus
1616 4398 1704 4450 esset

561 4493 698 4570 periculi
716 4493 819 4553 talem
837 4492 1058 4570 pessumdare
1074 4489 1263 4561 ecclesiam,
1281 4499 1314 4550 et
1329 4489 1589 4551 ecclesiasticam
1604 4487 1703 4550 dissi·

519 4612 531 4662 5
561 4610 640 4672 pare
665 4593 843 4658 familiam.
871 4590 1174 4653 subclamantibus
1198 4589 1252 4650 his
1273 4590 1333 4671 qui
1355 4605 1436 4651 eum
1460 4607 1501 4651 eo
1525 4598 1700 4651 venerant.

560 4695 689 4773 optime
711 4711 885 4773 perorasse
907 4690 1116 4770 pontificem.
1138 4707 1239 4752 omne
1261 4707 1438 4752 oscorum
1462 4690 1646 4752 adversum
1667 4707 1702 4750 se

594 4938 619 4972 n.
639 4933 796 4986 oportunus
809 4921 844 4968 nl.
860 4946 890 4955 -
909 4917 931 4969 d.
953 4919 1066 4968 humani
1080 4919 1116 4968 sl.
1130 4944 1162 4953 -
1180 4933 1203 4968 c.
1222 4931 1354 4983 asurgere
1366 4919 1402 4967 A.
