4450 6125
633 834 684 917 32
846 834 1157 914 Cantatorium
1186 837 1279 913 sine
1315 833 1564 914 Chronieon

632 1130 743 1182 voluit
764 1130 934 1197 hospitari
949 1142 979 1189 τις
1003 1128 1060 1180 ubi
1081 1136 1112 1179 et
1135 1128 1167 1178 in
1189 1143 1282 1180 mane
1307 1128 1426 1179 missas
1445 1136 1453 1162 ¹
1474 1127 1718 1180 celebraturus
1741 1125 1782 1179 ad

631 1217 812 1270 ecclesiam
834 1216 1016 1282 processit.
1041 1214 1164 1266 Mulier
1180 1222 1290 1280 autem
1311 1215 1451 1281 quedam
1470 1215 1502 1266 in
1523 1214 1640 1266 eodem
1663 1213 1745 1266 loco
1769 1214 1783 1254 ὃ

631 1303 827 1373 languebat,
858 1318 922 1370 que
953 1302 1094 1353 omnino
1126 1301 1203 1353 cibo
1230 1310 1262 1352 et
1288 1310 1369 1367 potu
1399 1301 1532 1367 privata
1558 1310 1589 1352 et
1616 1314 1780 1367 sompn0,

632 1392 723 1457 ipsos
742 1390 842 1441 etiam
861 1389 1074 1455 propinquos
1094 1388 1184 1455 quod
1203 1388 1336 1439 viveret
1355 1387 1545 1439 lastidibat.
1567 1387 1639 1439 llec
1655 1401 1781 1439 ammo·

630 1479 701 1528 nita
722 1487 771 1527 est
793 1492 853 1542 per
875 1485 1023 1534 noctem,
1046 1474 1185 1540 quadam
1208 1474 1400 1526 venerabili
1424 1488 1569 1540 persona
1592 1473 1659 1525 sibi
1683 1472 1779 1542 vigi·
1830 1487 1844 1538 5

630 1565 715 1615 lanti
737 1563 936 1621 assistente,
962 1570 997 1611 ut
1019 1561 1051 1610 in
1073 1576 1167 1611 mane
1187 1561 1225 1610 ad
1248 1561 1425 1611 ecclesiam
1453 1560 1581 1615 delata.
1611 1561 1652 1612 de
1676 1574 1779 1611 manu

629 1650 762 1702 abbatis
781 1649 906 1701 ibidem
928 1647 1045 1698 missas
1064 1646 1277 1698 celebraturi
1302 1661 1420 1712 panem
1441 1646 1658 1698 benedictum
1680 1654 1780 1712 pete·

631 1744 677 1788 ret
696 1751 798 1802 seque
815 1735 890 1801 eius
906 1732 1128 1785 orationibus
1147 1733 1327 1784 sanandam
1346 1733 1550 1786 consideret.
1568 1733 1780 1785 Parentibus

630 1825 849 1893 languentem
870 1820 1113 1873 deterentibus
1137 1829 1169 1871 et
1193 1819 1307 1872 abbati
1332 1837 1392 1887 pro
1416 1837 1452 1872 ea
1474 1820 1777 1889 supplicantibus,

628 1914 733 1974 abbas
749 1928 816 1972 non
832 1909 953 1971 solitus
968 1908 1061 1988 loqui
1079 1907 1143 1968 nisi
1160 1916 1236 1987 post
1249 1909 1480 1989 expletionem
1496 1908 1661 1989 psalterii,
1677 1923 1779 1971 aver·
1810 1936 1843 1972 ιο

628 2013 722 2075 sione
735 2027 802 2091 qua
819 2016 951 2087 poterat
964 2005 1078 2080 reniti,
1091 2005 1198 2086 signis
1213 2014 1247 2067 et
1262 2007 1405 2068 nutibus
1417 2009 1480 2068 hoc
1496 2025 1562 2069 non
1578 2025 1652 2070 esse
1667 2025 1776 2070 suum

630 2111 824 2174 contestari.
853 2114 999 2165 Tandem
1028 2114 1209 2165 convictus
1240 2116 1524 2166 concurrentium
1555 2114 1706 2168 lacrimis
1741 2126 1775 2168 et

629 2209 799 2278 precibus,
827 2209 977 2276 quinque
1005 2207 1140 2259 oblatas
1171 2207 1391 2272 benedicens,
1424 2210 1457 2260 in
1487 2224 1545 2262 ore
1575 2209 1775 2280 languentis

630 2297 735 2360 misit,
757 2294 887 2362 illaque
916 2295 1030 2345 statim
1061 2300 1200 2360 recepto
1231 2295 1457 2346 manducandi
1488 2312 1548 2347 usu
1577 2296 1772 2349 convaluit.

628 2382 740 2434 Abbas
768 2381 881 2431 vitans
909 2382 1070 2430 humanas
1096 2378 1213 2429 laudes
1241 2380 1347 2431 citius
1368 2379 1516 2448 aufugit,
1539 2396 1599 2433 nec
1620 2381 1772 2435 ulterius
1807 2393 1836 2444 ις

627 2485 685 2535 per
708 2469 793 2520 idem
821 2465 901 2536 [iter]
928 2466 995 2517 nisi
1021 2465 1169 2517 latenter
1188 2473 1197 2500 ²
1216 2466 1368 2517 transire
1387 2467 1516 2518 voluit.

669 2673 725 2730 12.
751 2671 831 2746 (ις.)
856 2666 892 2728 Si
919 2667 1058 2746 quando
1084 2682 1166 2727 vero
1187 2684 1251 2746 pro
1271 2667 1443 2748 responsis
1462 2668 1599 2731 ecclesie
1615 2659 1771 2734 ³domno

627 2766 832 2831 Adalberoni
848 2767 860 2801 ⁴
879 2766 1086 2828 Metensium
1098 2765 1257 2847 episcopo
1271 2785 1306 2829 se
1326 2777 1561 2849 presentasset,
1578 2770 1771 2835 mirabatur

627 2867 847 2948 postmodum
873 2867 1018 2946 ipsemet
1045 2866 1081 2927 in
1110 2867 1290 2929 recolendo
1324 2870 1533 2947 meminisse,
1563 2890 1633 2954 qua
1657 2892 1693 2936 se
1718 2875 1768 2937 illi

626 2966 822 3030 humilitate
845 2967 896 3027 vir
918 2976 1012 3029 tante
1031 2967 1220 3031 nobilitatis
1240 2981 1273 3032 et
1292 2973 1469 3050 potestatis
1486 2973 1679 3052 inclinaret,
1699 2994 1768 3057 qua
1802 2999 1838 3037 20

626 3068 837 3150 benignitate
859 3068 1080 3148 compulsum
1102 3070 1144 3130 ad
1167 3087 1285 3133 secum
1307 3074 1554 3152 prandendum
1566 3077 1685 3140 sedere
1698 3079 1766 3141 col·

655 3306 680 3338 a.
700 3288 781 3339 Dans
796 3290 833 3345 A.
855 3289 997 3355 hospitare
1013 3307 1083 3342 corr.
1101 3308 1133 3340 en
1151 3292 1300 3358 hospitari.
1318 3319 1352 3333 -
1372 3292 1396 3345 t.
1416 3294 1495 3346 Dans
1515 3296 1552 3353 A.
1575 3298 1715 3351 au-dessus
1736 3299 1765 3350 de

624 3374 718 3437 lo'co'=‚
733 3375 776 3426 vel
791 3375 886 3441 sileo).

619 3741 761 3805 antiquum
773 3738 861 3788 adhuc
871 3747 959 3789 servat
971 3739 1151 3808 vocabalum),
1164 3757 1196 3793 ce
1211 3742 1227 3793 J
1231 3742 1305 3795 ulius
1323 3743 1393 3795 n’est
1405 3755 1485 3797 autre
1501 3760 1558 3813 que
1574 3747 1589 3799 J
1593 3747 1763 3812 ulca-cesar,

620 3822 698 3874 selon
711 3824 868 3874 l’assertion
877 3824 912 3875 dc
922 3826 1092 3887 thurus'n,
1103 3826 1158 3877 Res
1170 3827 1262 3879 Gestae
1273 3829 1429 3893 Saronicar,
1439 3831 1489 3883 lib.
1501 3832 1512 3883 l
1524 3847 1531 3883 τ
1541 3841 1579 3884 cst
1589 3842 1680 3886 autem
1691 3835 1764 3888 locu
1796 3857 1831 3909 ²5

621 3910 668 3958 istc
675 3911 725 3970 (sc.
734 3910 954 3975 Aquisgranum)
961 3927 1102 3976 promritus
1111 3912 1187 3979 Julo,
1195 3932 1211 3964 a
1221 3915 1352 3967 coniiitorc
1360 3916 1439 3981 Julio
1450 3918 1563 3969 Caesare
1569 3923 1765 3988 cognominato,

621 3992 735 4055 stoli„
758 3994 821 4056 SS„
845 4004 863 4047 t.
886 3994 937 4055 lll,
959 4012 987 4061 p.
1005 4010 1069 4062 437;
1092 4006 1121 4048 et
1138 3999 1212 4051 alors
1231 4016 1303 4053 nous
1324 4018 1447 4055 sommes
1467 4019 1503 4055 en
1524 4005 1660 4072 presence
1679 4008 1768 4064 d’une

620 4080 794 4149 etymologia
816 4080 973 4147 populaire,
1001 4097 1037 4132 ne
1061 4094 1193 4149 reposant
1216 4101 1265 4138 sur
1288 4089 1358 4140 rien.
1381 4088 1435 4140 Sur
1458 4091 1499 4142 les
1521 4106 1604 4144 noras
1626 4093 1663 4146 de
1686 4093 1768 4150 lieux

620 4167 755 4219 terminis
767 4183 803 4218 en
814 4183 903 4229 actim,
918 4183 982 4235 νος.
996 4166 1033 4220 G.
1048 4168 1167 4233 Kurra,
1180 4170 1362 4237 Lasrontic'rc
1374 4174 1547 4245 lingm'stique
1558 4195 1589 4228 en
1602 4179 1770 4249 Belgiqaeet

618 4254 684 4304 dans
695 4253 719 4304 le
731 4256 798 4305 irord
808 4255 838 4304 de
849 4253 876 4304 la
887 4252 1002 4312 France,
1019 4255 1177 4321 Bruxelles,
1194 4259 1266 4324 1896,
1281 4270 1301 4312 t.
1316 4261 1338 4323 l,
1352 4277 1399 4328 pp.
1413 4263 1462 4329 469
1475 4272 1503 4315 et
1515 4265 1589 4316 suiv.
1799 4289 1835 4340 ³0

651 4348 658 4374 ¹
678 4342 798 4395 missam.
815 4341 872 4392 l'ita
888 4340 1047 4396 Theoderici.
1634 4364 1636 4368 ·

650 4434 659 4461 ²
677 4426 735 4477 (ttr.
748 4427 806 4477 l'itu
822 4427 1154 4479 Tlrctvtrrici:Revertcnti
1164 4432 1194 4481 de
1208 4431 1317 4483 Colonia
1330 4436 1383 4499 ipsi
1393 4434 1481 4487 abbati
1490 4453 1557 4488 sana
1568 4441 1696 4496 murrii.
1712 4441 1771 4496 Sea

617 4512 660 4561 illc
672 4513 790 4563 velociter
797 4516 984 4582 pertransivit.

649 4604 660 4642 a
679 4597 843 4663 Rcspousuru
856 4615 867 4648 .·
881 4601 1022 4664 negotium,
1036 4602 1154 4651 niaxime
1169 4602 1239 4653 illud
1251 4606 1319 4671 quod
1326 4606 1399 4670 ‚foris
1414 4611 1564 4675 peragitur.
1583 4608 1630 4663 Du
1642 4609 1765 4670 CANGE.

649 4693 661 4728 4
680 4667 795 4752 liteque
813 4686 848 4737 dc
867 4685 943 4736 bleta
960 4686 995 4736 de
1011 4700 1071 4751 1047
1088 4689 1103 4737 {t
1122 4701 1194 4752 1072,
1212 4688 1256 4741 fils
1267 4691 1302 4742 de
1316 4691 1338 4743 F
1340 4692 1457 4756 rederic,
1471 4695 1525 4747 duc
1538 4696 1573 4748 de
1585 4696 1764 4767 Mosellam
1795 4717 1830 4771 35

616 4769 744 4836 petit-tils
768 4771 896 4832 d’Otton,
922 4772 1078 4838 igalement
1105 4773 1160 4825 duc
1184 4775 1219 4826 de
1244 4775 1416 4838 Mosellane;
1447 4783 1634 4847 petit-neveu,
1656 4801 1765 4853 parce

616 4856 738 4918 dernier,
752 4857 787 4908 de
799 4856 955 4908 (iodclroid
968 4857 995 4908 le
1008 4856 1112 4913 Barbu.
