4450 6125
591 830 665 932 134
793 830 1104 911 Cantatorium
1134 838 1225 912 sine
1263 833 1513 914 Chronicon

579 1131 762 1209 gnabatur.
788 1130 884 1191 Unde
913 1130 1123 1191 Balduinum
1148 1130 1310 1191 comitem
1337 1131 1549 1191 hlontensem
1573 1128 1583 1154 ¹
1609 1125 1732 1189 filium

582 1228 753 1290 Richeldis
778 1231 883 1290 abbas
910 1230 1092 1291 lamberto
1122 1232 1250 1309 majore
1279 1231 1462 1293 comitatus
1490 1230 1588 1302 adiit.
1618 1239 1654 1291 et
1684 1246 1733 1290 ne

580 1328 798 1391 insolentiam
813 1348 934 1391 eorum
946 1331 1108 1393 adversus
1120 1332 1296 1393 ecclesiam
1310 1342 1478 1406 tueretur,
1492 1331 1521 1392 ei
1537 1331 1732 1392 rationabi-

580 1431 658 1491 liter
669 1432 848 1511 suggessit.
864 1432 986 1493 Comes
999 1433 1104 1494 relato
1117 1433 1257 1494 consilio
1273 1434 1314 1494 ad
1332 1433 1428 1494 Idam
1444 1449 1587 1495 uxorem
1598 1448 1703 1493 suam
1719 1431 1732 1456 ²

581 1533 733 1612 aliosque
760 1532 875 1594 fideles
900 1552 989 1603 suos,
1016 1533 1074 1613 qui
1100 1532 1326 1597 interfuerant
1347 1534 1451 1616 gestis
1474 1534 1516 1595 de
1541 1533 1733 1595 Caviniaco
1781 1564 1795 1612 5

580 1633 738 1713 superius
769 1635 966 1695 memoratis
988 1625 1010 1707 ³,
1046 1652 1166 1695 eorum
1196 1635 1394 1697 testimonio
1422 1636 1550 1711 iustam
1579 1633 1731 1715 quidem

581 1752 720 1796 causam
732 1735 865 1796 abbatis
881 1734 1087 1816 recognovit,
1105 1736 1163 1796 sed
1181 1737 1358 1796 mandavit
1369 1737 1399 1796 ei
1413 1753 1447 1796 se
1462 1734 1546 1796 velle
1561 1733 1731 1795 honorari

580 1835 691 1916 gratia
707 1836 860 1913 ejusdem
876 1852 894 1894 a
910 1853 945 1896 se
961 1834 1195 1895 confirmande
1211 1834 1462 1916 recognitionis.
1481 1835 1593 1895 Abbas
1606 1831 1657 1895 illi
1669 1833 1733 1894 de·

582 1953 656 1997 cem
670 1937 826 1997 marchas
841 1937 972 2016 argenti
989 1935 1152 2009 condixit,
1170 1953 1319 2016 eumque
1333 1953 1450 1997 secum
1463 1935 1698 1997 Tudiniacum
1713 1946 1730 1971 ⁴

581 2046 732 2097 castrum
744 2037 768 2110 ⁴,
785 2054 855 2116 quo
870 2047 952 2097 tunc
968 2035 1150 2115 episcopus
1164 2053 1245 2096 cum
1261 2034 1443 2097 Godelrido
1458 2035 1544 2096 duce
1565 2032 1729 2094 moraba·
1764 2064 1797 2100 10

581 2130 674 2210 tur⁵,
705 2138 860 2199 adduxit.
893 2137 929 2197 ln
958 2155 1079 2198 eorum
1112 2136 1281 2215 presentia
1315 2136 1503 2197 Baldninus
1533 2132 1728 2214 predictam

582 2237 746 2300 familiam
772 2239 936 2298 curialem
962 2237 1098 2299 ecclesie
1126 2237 1214 2298 beati
1240 2237 1383 2298 liuberti
1409 2253 1508 2297 suam
1535 2253 1606 2297 esse
1632 2250 1729 2295 reco-

580 2340 712 2419 gnovit,
729 2348 763 2400 et
777 2357 796 2399 a
812 2357 845 2400 se
863 2349 1056 2417 respectum
1072 2355 1191 2399 eorum
1206 2339 1349 2399 omnino
1363 2337 1520 2409 removit,
1533 2351 1728 2415 omnesque

580 2441 640 2523 qui
656 2441 862 2503 videbantur
877 2458 948 2502 esse
965 2442 1070 2515 hujus
1084 2439 1363 2501 contradictionis
1378 2456 1458 2500 cum
1473 2438 1580 2500 servis
1600 2454 1726 2498 eorum

579 2553 612 2603 et
634 2542 777 2615 ancillis,
800 2560 880 2603 cum
904 2541 1173 2620 possessionibus
1195 2558 1314 2601 corum
1336 2548 1369 2601 et
1393 2539 1539 2612 allodiis,
1566 2536 1652 2599 iacto
1673 2535 1723 2598 ibi
1757 2564 1787 2613 ¹5

582 2643 715 2722 publice
749 2642 927 2722 privilegio
958 2643 988 2703 ei
1020 2640 1249 2714 confirmavit,
1284 2639 1338 2701 cui
1370 2639 1474 2701 etiam
1500 2656 1581 2701 cum
1609 2635 1726 2718 sigillo

524 2794 530 2806 .
581 2743 731 2831 episqopi
746 2761 849 2804 suum
866 2761 1003 2824 quoque
1016 2742 1171 2820 imprimi
1184 2740 1259 2803 iecit
1272 2732 1294 2801 ⁶.

621 2926 680 2984 60.
713 2921 881 2999 Episcopo
915 2926 1029 2981 autem
1063 2919 1231 2982 inferente
1258 2921 1348 2994 duci,
1376 2921 1458 2982 satis
1492 2917 1613 2981 utilem
1650 2919 1725 2982 fore

580 3021 717 3084 ecclesie
733 3021 821 3083 beati
840 3020 984 3083 lluberti
995 3021 1256 3103 acquisitionem
1268 3021 1373 3100 hujus
1387 3019 1469 3094 fisci,
1482 3020 1509 3082 si
1523 3019 1601 3101 quis
1616 3018 1724 3081 etiam

580 3126 750 3186 decimam
765 3124 838 3202 ejus
853 3121 1028 3203 acquirere
1050 3134 1175 3201 posset,
1199 3141 1265 3204 que
1286 3133 1359 3184 erat
1381 3122 1517 3184 ecclesie
1540 3120 1723 3183 Prumien·
1754 3148 1791 3186 20

580 3225 626 3287 sis
640 3225 662 3296 ⁷,
680 3227 838 3286 consultu
859 3233 891 3284 et
912 3225 1051 3285 hortatu
1066 3240 1187 3285 eorum
1202 3221 1355 3300 concepit
1370 3222 1602 3283 Theodericus
1616 3222 1725 3283 abbas

580 3343 698 3387 curam
723 3326 785 3386 hoc
807 3325 899 3385 idem
922 3322 934 3362 ⁶
957 3324 1135 3403 negotium
1161 3322 1362 3403 exequendi.
1390 3321 1541 3403 Denique
1566 3338 1724 3382 reversus

580 3433 770 3505 utrumque
800 3425 1023 3486 lambertum
1054 3423 1233 3483 Prumiam
1264 3422 1368 3495 misit,
1395 3432 1429 3483 et
1457 3420 1563 3483 nichil
1592 3420 1640 3482 eis
1668 3422 1723 3481 vel

611 3620 637 3655 a.
657 3603 736 3653 Dans
748 3603 785 3658 Α,
801 3601 824 3652 le
835 3600 917 3652 scribe
929 3619 945 3651 u
958 3603 1024 3651 ecrit
1036 3601 1229 3659 rudiniacum;
1249 3616 1300 3649 unc
1318 3601 1391 3649 ulain
1407 3601 1568 3667 posttrieure
1584 3616 1601 3648 ιι
1618 3600 1722 3665 corrige

579 3706 679 3740 cumnre
691 3691 825 3741 ci-dessus.
842 3717 873 3726 -
885 3688 908 3741 h.
924 3689 1015 3739 iddem
1030 3689 1067 3739 A.
1752 3708 1786 3759 ²5

618 3948 623 3974 ¹
645 3939 792 3990 Baudouin
806 3939 842 4000 ll,
857 3953 921 4003 roy.
936 3936 1080 3997 cidessus,
1096 3952 1123 4001 p.
1145 3950 1200 3996 121,
1216 3951 1244 3985 n.
1262 3950 1283 3988 r.

616 4025 726 4076 ²Cette
746 4024 801 4085 lda,
821 4023 888 4090 qu'il
907 4039 942 4073 nc
961 4022 1018 4072 lam
1036 4038 1084 4088 pas
1102 4021 1256 4074 conlondrc
1273 4038 1341 4074 avec
1358 4022 1384 4074 la
1403 4022 1505 4073 lemme
1520 4021 1651 4074 d'Albert
1670 4022 1722 4084 ΙΙΙ,

582 4112 651 4163 dont
668 4112 745 4161 vient
761 4111 796 4161 de
813 4108 905 4176 parler
922 4109 948 4159 la
963 4108 1123 4175 Chrnnique,
1138 4109 1282 4170 ci-dessus,
1296 4125 1323 4174 p.
1340 4122 1396 4172 133,
1411 4109 1478 4160 erait
1491 4108 1549 4160 lille
1560 4108 1680 4161 d’Henri
1695 4109 1722 4161 ΙΙ

582 4198 617 4250 de
636 4198 778 4256 I.ouvain;
798 4197 854 4248 elle
871 4196 975 4262 epousa
995 4194 1142 4246 Baudouin
1162 4194 1187 4245 ll
1206 4211 1241 4245 cn
1263 4196 1335 4256 1084.
1356 4195 1427 4262 Voy.
1454 4194 1723 4257 Van'urrurtruozsrt,

586 4286 725 4339 Gislehertr'
739 4287 888 4338 chronicon
902 4285 1084 4340 llanoniense,
1101 4300 1128 4349 p.
1144 4297 1184 4347 35,
1199 4299 1226 4334 n.
1242 4298 1266 4346 3.
1754 4292 1790 4342 30

617 4382 627 4421 3
645 4375 798 4434 Odessus,
813 4390 839 4439 p.
858 4386 913 4424 120.

618 4472 629 4504 ⁴
647 4462 741 4513 'l'huin
755 4461 905 4528 (Hainaut,
919 4457 1050 4509 chel-lieu
1064 4457 1356 4524 d'arrondisscmcm).

619 4557 626 4591 ε
649 4547 670 4597 ll
684 4547 761 4611 s'agit
774 4546 808 4595 dt·
821 4545 948 4611 l’cveque
960 4544 994 4594 de
1008 4542 1103 4610 Mega,
1120 4542 1208 4594 Henri
1226 4545 1261 4595 de
1273 4542 1389 4594 l'erdun
1402 4552 1430 4593 et
1442 4543 1479 4594 du
1492 4542 1547 4594 duc
1565 4540 1724 4595 Godeiroid

582 4634 617 4686 de
631 4631 776 4687 Bouillon.

616 4725 627 4754 ‘¹
645 4720 717 4785 l'oy.
738 4718 763 4769 la
779 4719 859 4783 copie
875 4718 910 4768 de
928 4725 972 4768 cet
989 4725 1049 4767 acte
1066 4716 1100 4766 dc
1115 4715 1261 4768 Baudouin
1274 4727 1302 4768 et
1314 4716 1400 4778 ulna,
1411 4716 1474 4768 date
1488 4716 1523 4768 dc
1535 4716 1630 4768 'l'huin
1646 4719 1721 4781 1088,
1753 4729 1785 4782 35

582 4809 650 4859 dans
663 4806 698 4857 (3.
715 4805 832 4864 licam,
846 4820 921 4854 ouer.
935 4807 992 4859 citi,
1010 4813 1029 4855 t.
1044 4803 1065 4863 1,
1081 4818 1127 4869 pp.
1143 4817 1172 4868 77
1186 4813 1214 4853 et
1228 4805 1268 4868 78.

615 4892 783 4959 :L'abbaye
806 4892 841 4942 dc
866 4890 950 4941 l'rlim
976 4891 1142 4956 (commune
1163 4889 1197 4940 de
1222 4889 1247 4939 la
1272 4888 1375 4940 Prusse
1399 4887 1544 4950 Rhenane,
1567 4887 1663 4940 bezirk
1685 4889 1722 4942 de

582 4982 702 5045 Trdvcs)
727 4980 798 5046 l'oy.
816 4977 904 5029 Gallia
919 4978 1086 5031 Christiana.
1101 4984 1121 5027 t.
1135 4974 1213 5037 xlll,
1227 4976 1281 5028 col.
1296 4977 1344 5041 589
1356 4986 1383 5026 et
1396 4976 1470 5027 suiv.
