4450 6125
834 858 989 958 Sancti
1019 860 1231 944 liuberti.
1536 862 1610 948 165

470 1155 557 1219 adeo
578 1163 662 1218 tunc
682 1164 757 1219 erat
776 1174 919 1219 exosum
942 1176 1065 1220 nomen
1090 1156 1236 1229 Otberti.
1255 1168 1293 1220 ut
1312 1175 1352 1220 eo
1370 1158 1490 1221 audito
1507 1160 1560 1221 vel
1579 1160 1612 1222 in

470 1256 642 1337 colloquio
659 1258 837 1319 communi
853 1258 949 1321 nullo
968 1260 1070 1322 modo
1089 1278 1124 1323 se
1143 1259 1359 1322 continerent
1373 1276 1392 1321 a
1408 1271 1510 1340 sputo
1525 1262 1614 1324 indi-

470 1355 655 1439 gnationis.
684 1356 780 1420 Unus
805 1367 920 1421 tamen
945 1379 1080 1436 eorum,
1111 1359 1270 1423 videlicet
1300 1360 1517 1437 lambertus,
1546 1381 1613 1425 non

473 1456 586 1520 multo
610 1463 687 1537 post
711 1456 822 1521 victus
845 1459 1033 1539 cupiditate
1058 1460 1268 1532 ambitionis,
1291 1461 1471 1524 ordinatus
1496 1473 1548 1525 est
1572 1464 1615 1525 ab

430 1578 445 1629 s
473 1559 596 1622 eodem
618 1556 763 1621 Otberto
784 1559 889 1622 abbas
912 1561 1128 1633 Florinensis.
1144 1563 1201 1625 sed
1219 1572 1295 1641 post
1311 1579 1444 1623 annum
1460 1564 1614 1627 recorda·

473 1670 542 1735 tus,
559 1678 577 1721 a
593 1659 665 1720 loco
679 1659 800 1721 eodem
817 1660 971 1739 privatus
987 1662 1134 1724 recessit.

514 1758 751 1821 Convenerunt
766 1759 808 1819 ad
825 1760 970 1822 eandem
992 1760 1123 1830 cellam,
1142 1769 1212 1823 tam
1235 1779 1275 1823 ex
1299 1763 1425 1824 nostris
1445 1781 1551 1844 quam
1574 1781 1612 1825 ex

473 1858 636 1923 tratribus
661 1856 777 1921 Sancti
802 1859 989 1933 Laurentii,
1017 1862 1058 1922 ad
1087 1861 1208 1942 viginti
1235 1861 1389 1943 quinque
1414 1865 1612 1938 monachos,

473 1959 534 2043 qui
557 1969 651 2022 tanta
675 1961 852 2022 honestate
873 1978 908 2022 se
928 1963 1073 2042 agebant
1096 1972 1237 2044 tamque
1258 1963 1416 2025 ordinata
1438 1963 1634 2044 religione,-

415 2080 448 2118 ιο
476 2068 514 2124 ut
538 2059 777 2137 Raginoldus⁶
801 2060 989 2123 Remorum
1011 2061 1162 2142 pontifex
1183 2071 1217 2123 et
1241 2061 1453 2126 Heliuandus
1468 2060 1481 2099 ὃ
1499 2066 1613 2144 presul

476 2161 773 2235 laudunensium,
787 2159 892 2224 afflati
905 2162 991 2224 bone
1006 2161 1178 2243 opinionis
1192 2179 1314 2224 eorum
1329 2164 1445 2238 odore,
1458 2166 1613 2226 certatim

473 2262 523 2325 eis
550 2262 736 2324 necessaria
761 2262 1075 2325 subministrarent.
1105 2265 1217 2326 Abbas
1242 2281 1378 2345 quoque
1404 2265 1615 2347 Berengerus

472 2363 669 2425 elaborabat
680 2380 814 2437 eorum,
828 2363 918 2425 inter
929 2382 1016 2445 quos
1032 2364 1244 2436 deveniebat,
1258 2364 1343 2426 adeo
1353 2382 1388 2426 se
1400 2364 1614 2427 conformare

474 2463 641 2536 moribus,
665 2463 760 2526 utin
785 2465 879 2526 brevi
910 2463 1006 2527 fieret
1029 2464 1188 2526 omnium
1212 2465 1425 2538 karissimus,
1448 2476 1482 2527 et
1502 2484 1615 2528 eomes

414 2586 443 2637 ις
474 2563 636 2630 ebalus&
657 2564 851 2625 communis
873 2564 1020 2626 aliorum
1045 2576 1225 2643 tyrannus,
1245 2565 1431 2627 haberetur
1450 2564 1498 2627 illi
1522 2564 1614 2627 mitis

472 2674 507 2726 et
540 2666 724 2726 humanus.
752 2664 820 2741 Qui
845 2665 966 2727 eodem
993 2674 1164 2743 tempore,
1187 2676 1392 2744 suggerente
1423 2683 1525 2727 uxore
1551 2682 1614 2727 sua

471 2764 601 2845 Sibylla
613 2778 636 2836 ‘‚
650 2765 787 2827 tertiam
802 2776 935 2845 partem
949 2765 1079 2827 decime
1094 2765 1344 2828 Eberneicortis
1355 2767 1494 2829 ecclesie
1505 2767 1611 2832 dedit.

470 2876 505 2928 et
527 2874 678 2945 pratum,
700 2867 791 2946 quod
813 2865 941 2927 dicitur
964 2867 1063 2946 regis,
1082 2866 1182 2946 legali
1203 2867 1387 2929 autoritate
1407 2867 1519 2930 eidem
1542 2868 1615 2930 loco

472 2966 669 3029 habendum
686 2975 854 3046 perpetuo
869 2964 1096 3029 confirmavit.
1113 2966 1283 3029 Manasses
1298 2968 1402 3030 etiam
1420 2968 1615 3049 prepositus

413 3086 445 3124 ιο
472 3068 609 3130 ecclesie
647 3066 823 3130 Remensis
854 3069 865 3094 ²
900 3079 994 3131 tanta
1027 3086 1107 3132 eum
1143 3069 1326 3152 collegerat
1355 3071 1546 3147 affectione,
1578 3083 1615 3135 ut

506 3263 532 3297 a.
552 3245 711 3313 raginaldus
723 3247 759 3297 Α.
774 3275 806 3284 -
823 3244 846 3298 b.
867 3245 1034 3297 helinannus
1047 3246 1083 3299 A.
1098 3275 1130 3283 -
1148 3264 1170 3299 c.
1190 3248 1284 3298 sibilla
1295 3249 1332 3299 il.

472 3537 524 3588 J‘ai
541 3536 699 3594 demontre.
712 3535 781 3587 dans
795 3550 860 3585 mon
874 3519 961 3585 Elide
977 3538 1098 3602 critique,
1115 3552 1162 3601 pp.
1176 3548 1207 3598 92
1219 3547 1247 3586 el
1259 3538 1343 3597 suiv„
1356 3553 1411 3603 que
1428 3537 1614 3589 l’attribution

473 3627 488 3673 'a
511 3622 672 3674 Heribrand
692 3621 729 3673 du
756 3620 813 3670 Vita
839 3619 990 3670 Theoderici
1008 3618 1106 3670 abbatis
1127 3621 1328 3686 Andaginensis
1348 3622 1484 3689 (Thierry
1507 3623 1555 3687 1⁰¹)
1580 3639 1615 3674 nc

475 3725 574 3776 repose
586 3724 641 3775 que
653 3722 702 3758 sur
713 3717 787 3759 cette
799 3707 876 3758 seule
888 3706 1065 3767 affirmation,
1081 3707 1135 3757 mal
1150 3709 1299 3773 comprise‚
1309 3708 1345 3758 de
1355 3707 1461 3759 Renier
1472 3719 1500 3760 et
1512 3710 1615 3776 qu’elle

413 3811 444 3863 25
475 3812 596 3863 marique
613 3811 663 3862 par
680 3796 853 3861 consequent
872 3794 907 3845 de
925 3804 986 3844 tout
1006 3792 1168 3844 londemenl
1193 3792 1252 3845 Cir.
1266 3810 1315 3844 sur
1333 3794 1423 3846 l'abbe
1443 3794 1614 3855 Heribraud

474 3882 567 3949 lequel
581 3890 695 3932 mourut
709 3880 735 3930 le
747 3880 762 3930 6
774 3880 835 3946 juin
852 3881 924 3940 1128,
941 3878 1030 3928 Gallia
1046 3878 1213 3933 Christiana,
1230 3890 1250 3931 t.
1266 3878 1316 3939 111,
1330 3880 1373 3930 col
1397 3894 1456 3944 990.

510 3977 516 4003 ¹
539 3967 609 4018 Eble
629 3966 664 4027 11,
684 3976 777 4017 comte
794 3965 829 4015 de
849 3964 958 4030 Roucy,
977 3964 1111 4030 dejicite
1130 3964 1198 4014 dans
1216 3964 1241 4013 la
1262 3963 1423 4031 Chrunique,
1444 3980 1471 4029 p.
1488 3976 1528 4027 37,
1547 3964 1614 4014 etail

474 4055 518 4106 fils
537 4053 687 4106 d'Hilduin
708 4051 743 4103 de
765 4050 949 4103 Montdidier.
969 4049 1003 4100 Sa
1022 4049 1135 4110 lemme,
1155 4050 1272 4116 Sibylle,
1291 4050 1359 4101 erait
1378 4049 1435 4101 fille
1452 4050 1488 4102 de
1507 4049 1613 4101 Robert

473 4140 621 4199 Guiscard,
638 4139 693 4190 duc
708 4138 743 4188 de
761 4136 882 4190 Puuille.
902 4135 1019 4187 Enlants
1033 4151 1039 4186 :
1055 4135 1173 4203 Hugues
1189 4135 1302 4195 Cholet,
1320 4136 1473 4197 (iuichard,
1491 4136 1615 4186 Thomas

412 4241 447 4291 30
473 4229 509 4280 de
523 4226 635 4292 Roucy;
651 4225 721 4275 trois
734 4204 807 4274 fille's
819 4225 969 4290 pentetre,
984 4223 1052 4272 ineis
1068 4222 1137 4273 dont
1156 4222 1250 4272 n'etait
1265 4238 1313 4286 pas
1327 4221 1462 4281 bismilie,
1475 4232 1614 4272 comtesse

473 4315 509 4366 de
520 4312 600 4372 Jaffa,
612 4309 733 4378 laquelle
746 4310 813 4361 etait
826 4307 884 4359 fille
896 4319 924 4359 et
938 4323 994 4359 non
1008 4323 1084 4358 soeur
1095 4307 1131 4357 de
1146 4306 1263 4373 Hugues
1274 4306 1387 4358 Cholet.
1399 4307 1470 4374 Voy.
1485 4320 1523 4357 nn
1537 4305 1614 4357 Mas

474 4402 598 4460 Limus,
615 4397 640 4449 Τ
636 4402 709 4448 rtsor
720 4398 750 4447 de
760 4396 933 4460 chronologie,
949 4395 1003 4448 col.
1022 4397 1092 4460 1670.

508 4498 517 4523 ¹
538 4486 689 4543 manasses,
709 4484 750 4536 dit
769 4484 804 4534 de
822 4482 978 4542 castillon,
997 4483 1174 4548 archeveque
1191 4481 1227 4533 de
1248 4479 1346 4530 Reims
1363 4478 1399 4529 de
1424 4480 1519 4544 1096a
1542 4481 1614 4532 1106.

474 4571 583 4638 Simple
600 4568 781 4628 sousdiacre‚
804 4567 821 4617 il
842 4566 883 4617 lut
903 4567 949 4618 clu
969 4570 983 4616 ii
1003 4582 1035 4617 ce
1051 4577 1132 4632 poste
1148 4566 1274 4617 eminent
1291 4579 1327 4615 en
1345 4562 1563 4630 templacement
1580 4564 1616 4615 de

412 4675 444 4726 35
475 4657 603 4710 Renaud.
626 4656 682 4707 Son
703 4655 835 4713 electi0n‚
857 4653 1001 4706 contestee
1023 4668 1072 4719 par
1092 4668 1163 4718 pure
1187 4651 1391 4712 malveillance,
1413 4648 1454 4701 lut
1476 4649 1617 4703 delendue

475 4746 724 4798 victoricusement
745 4745 847 4807 supres
867 4739 1004 4791 d'Urbain
1027 4739 1052 4790 11
1075 4755 1125 4805 par
1146 4738 1221 4790 Yves
1239 4738 1276 4789 de
1295 4738 1430 4789 Chartres
1449 4753 1456 4789 τ
1476 4742 1616 4788 nonenim

471 4840 575 4902 poterat
587 4829 634 4880 illa
646 4828 753 4879 ecclesia
767 4831 835 4877 inter
848 4826 1015 4891 uninesfilios
1027 4842 1086 4875 suos
1097 4841 1255 4892 quemquam
1269 4826 1388 4874 interlin
1399 4824 1455 4874 sedi
1464 4823 1619 4885 apostolieae

474 4920 561 4982 magis
585 4917 715 4972 demtum,
739 4916 795 4964 suis
819 4911 978 4963 utilitatibus
1000 4914 1085 4977 inagis
1105 4913 1293 4964 necessarium,
1316 4918 1374 4960 tum
1389 4915 1498 4978 propter
1515 4912 1619 4974 generis
