4450 6125
551 827 606 931 48
759 829 1071 909 cantatorium
1101 832 1194 908 sive
1229 828 1479 910 Chronieon

550 1131 622 1210 qui,
650 1128 763 1192 inlecti
791 1147 809 1190 a
836 1128 986 1209 quodam
1011 1144 1094 1191 cane
1116 1127 1247 1200 rabido,
1276 1143 1317 1187 ne
1342 1127 1384 1188 ad
1412 1126 1579 1188 meritum
1606 1125 1690 1187 beati

551 1230 695 1293 Huberti
725 1228 960 1311 confugerent,
987 1228 1119 1291 seducti
1148 1236 1273 1290 sunta
1302 1233 1455 1309 quodam
1483 1225 1690 1306 presbitero;

550 1330 708 1412 promisit
743 1330 836 1391 enim
871 1331 919 1391 eis
950 1330 1160 1410 quibusdam
1195 1327 1487 1400 incantationibus
1518 1335 1554 1389 et
1585 1325 1692 1388 medi·

550 1431 715 1493 camentis
736 1431 982 1493 certitudinem
996 1429 1165 1502 sanitatis,
1181 1437 1386 1509 acceptoque
1402 1428 1481 1490 inde
1496 1427 1690 1501 commodo,

550 1531 625 1593 fecit
656 1550 712 1593 eos
745 1533 926 1611 persistere
956 1531 1062 1605 domi,
1100 1528 1376 1611 confugientibus
1408 1528 1483 1590 aliis
1510 1530 1554 1590 ad
1591 1529 1690 1591 eccle·

548 1631 636 1693 siam
658 1633 764 1694 sancti
788 1632 943 1706 Huberti,
967 1631 1027 1712 qui
1053 1631 1209 1692 videlicet
1234 1631 1422 1691 abeodem
1449 1647 1532 1691 cane
1558 1627 1693 1692 fuerant

549 1730 661 1795 infecti
679 1749 685 1794 :
703 1733 830 1815 quibus
848 1733 939 1796 sanis
960 1731 1197 1805 redeuntibus
1216 1731 1359 1811 predicti
1380 1732 1520 1809 juvenes
1540 1727 1641 1792 furiis
1661 1741 1694 1792 et

549 1832 723 1896 doloribus
739 1835 851 1896 vexati
867 1842 1031 1913 ceperunt
1047 1832 1209 1906 insanire,
1228 1842 1266 1894 ut
1286 1832 1359 1911 lupi
1378 1832 1522 1906 ululare,
1541 1838 1580 1893 ut
1594 1848 1694 1893 canes

548 1933 684 2008 latrare,
711 1936 837 2016 vixque
865 1935 907 1995 ad
942 1933 1193 1994 monasterium
1230 1933 1368 1995 deducti
1396 1941 1431 1994 et
1465 1932 1512 1994 ibi
1550 1931 1690 2006 mortui,

548 2036 744 2097 videntibus
765 2045 799 2096 et
818 2035 1037 2096 audientibus
1060 2034 1278 2096 incusserunt
1293 2043 1425 2095 metum
1449 2032 1591 2095 maximi
1612 2033 1692 2095 hor·
1719 2049 1727 2085 ¹
1763 2032 1816 2077 ¹

550 2138 646 2200 roris.
665 2136 731 2199 Sed
754 2139 818 2198 hoc
840 2154 900 2216 per
914 2154 1100 2198 excessum.
1123 2135 1300 2198 Predictus
1320 2145 1438 2198 autem
1459 2133 1692 2197 cubicularius

549 2238 708 2300 Adeladis
722 2255 763 2298 ex
781 2255 874 2298 more
890 2237 1016 2298 incisus
1028 2247 1061 2298 et
1075 2237 1189 2299 soluto
1203 2235 1411 2316 capitalitio¹
1426 2253 1547 2298 servus
1558 2249 1573 2275 ⁶
1584 2235 1694 2298 sancti

549 2338 696 2412 effectus,
724 2339 766 2400 ad
796 2337 937 2399 missam
962 2338 1204 2399 matutinalem
1230 2338 1400 2399 deductus
1423 2347 1474 2398 est
1500 2336 1693 2399 communi·

547 2442 687 2503 candus.
702 2441 851 2502 intuitus
866 2452 984 2501 autem
996 2437 1127 2514 fratres,
1141 2439 1298 2500 ordinate
1312 2448 1346 2500 et
1362 2448 1559 2501 reverenter
1568 2438 1693 2501 consis-

547 2550 668 2613 tentes,
685 2541 851 2602 inclinato
865 2539 974 2619 capite
994 2557 1170 2618 nusquam
1192 2539 1310 2600 oculos
1331 2538 1552 2612 declinantes,
1569 2555 1692 2601 eorum
1721 2557 1752 2606 ¹².
1793 2540 1816 2579 ¹

546 2643 581 2704 in
610 2641 783 2704 offerendo
817 2640 1012 2702 ordinatam
1045 2640 1296 2701 successionem
1328 2650 1363 2702 et
1394 2640 1626 2713 devotionem,
1655 2639 1691 2701 in

546 2741 661 2802 eundo
682 2748 717 2801 et
738 2740 914 2801 redeundo
934 2740 1161 2820 compositam
1183 2741 1402 2821 gravitatem,
1419 2741 1627 2801 ammiratus
1641 2749 1692 2801 est

545 2841 580 2901 in
596 2841 656 2913 eis,
674 2849 712 2902 ut
733 2849 805 2901 erat
821 2840 872 2901 vir
887 2840 1059 2914 secularis,
1076 2841 1175 2921 quasi
1194 2841 1369 2921 quandam
1388 2840 1579 2917 imaginem
1602 2858 1692 2902 mor-

545 2941 752 3015 tificationis,
772 2958 994 3022 reversusque
1016 2941 1057 3001 ad
1083 2941 1262 3003 dominam
1283 2960 1393 3017 suam,
1411 2959 1478 3022 que
1497 2941 1642 3014 viderat,
1658 2941 1689 3002 ei

545 3042 765 3104 renuntiavit.
797 3041 854 3103 llla
882 3042 1085 3123 quantocius
1115 3041 1217 3105 missa
1248 3042 1415 3125 legatione
1440 3043 1483 3104 ad
1513 3044 1687 3118 abbatem,
1715 3051 1815 3101 ισ

545 3143 680 3223 magnis
699 3144 860 3222 precibus
881 3153 919 3205 ut
934 3143 975 3204 ad
995 3161 1030 3204 se
1046 3144 1177 3205 veniret
1192 3144 1352 3219 obtinuit,
1371 3145 1581 3226 veniensque
1600 3163 1690 3209 nun-

545 3247 634 3308 tium
659 3247 828 3308 adventus
852 3246 905 3307 sui
935 3246 978 3308 ad
1006 3245 1217 3308 comitissam
1247 3246 1414 3325 premisit.
1442 3246 1523 3309 Viso
1552 3250 1689 3325 nuntio,

545 3346 670 3407 mulier
698 3345 807 3407 virilis
839 3345 945 3406 animi
974 3355 1008 3407 et
1040 3364 1118 3426 que,
1150 3346 1283 3409 conscia
1316 3347 1454 3427 proprie
1485 3348 1688 3428 nobilitatis,

545 3446 674 3508 nullius
705 3447 847 3508 curabat
875 3446 1079 3527 dignitatem
1109 3447 1161 3509 vel
1195 3466 1377 3528 personam
1406 3450 1479 3529 ejus
1506 3453 1688 3529 temporis,

541 3549 691 3609 surrexit
705 3548 865 3611 velociter
884 3558 922 3610 ut
937 3558 1132 3610 occurreret
1152 3550 1279 3624 abbati,
1297 3550 1504 3613 mirantibus
1519 3549 1601 3615 liliis
1615 3554 1690 3633 ejus
1716 3563 1743 3614 ²5
1759 3548 1816 3602 Ζ

543 3647 691 3710 Fulcone
706 3656 740 3710 et
757 3648 985 3723 Gualeranno,
1002 3666 1068 3729 que
1085 3659 1174 3710 esset
1188 3649 1281 3728 apud
1302 3669 1379 3711 eam
1401 3650 1563 3714 novitatis
1583 3654 1690 3732 hujus

540 3750 728 3823 venerati03
770 3768 891 3811 eorum
927 3756 1117 3812 sustentata
1161 3749 1308 3813 brachiis
1350 3752 1486 3814 obviam
1523 3757 1690 3835 processit

539 3849 664 3923 abbati,
694 3848 888 3930 visumque,
910 3867 990 3910 cum
1013 3850 1084 3928 jam
1105 3850 1148 3911 ab
1173 3868 1213 3913 ea
1239 3859 1351 3930 posset
1373 3853 1498 3929 audiri,
1521 3855 1690 3920 inclinato

540 3950 648 4029 capite
674 3950 873 4011 humillima
902 3950 1106 4011 salutatione
1136 3953 1327 4029 bonoravit,
1351 3964 1384 4015 et
1406 3972 1487 4018 cum
1508 3965 1589 4035 post
1610 3975 1690 4020 ora·

540 4051 670 4113 tionem
693 4051 851 4113 licentius
871 4050 999 4132 alloqui
1020 4070 1100 4113 eum
1127 4064 1238 4131 posset
1260 4076 1266 4115 ;
1290 4054 1457 4127 Gratiam,
1476 4056 1602 4139 inquit,
1618 4078 1689 4140 ago
1717 4076 1747 4126 ³0

541 4151 612 4224 tibi,
643 4152 840 4214 venerabilis
868 4157 970 4230 pater,
1002 4152 1097 4228 cujus
1118 4152 1276 4229 filiorum
1307 4160 1432 4216 tantam
1461 4158 1579 4218 audiui
1606 4161 1690 4221 reli-

572 4371 598 4405 a.
617 4368 736 4403 servuus
748 4354 785 4402 fl.

572 4702 580 4728 ¹
602 4693 789 4761 capitalitiam
810 4695 920 4762 signitie
938 4696 964 4747 la
982 4698 1135 4763 capitation
1157 4714 1193 4750 ou
1216 4700 1370 4753 redevance
1390 4701 1545 4754 demandee
1565 4706 1582 4756 a
1603 4716 1690 4764 toute

537 4797 676 4847 personne
700 4781 803 4843 taillee,
828 4783 876 4847 qui
900 4783 1026 4835 obtenait
1052 4783 1079 4835 lc
1106 4786 1172 4835 titre
1198 4787 1233 4837 dc
1263 4786 1374 4839 P'elerin
1400 4789 1435 4840 de
1461 4786 1688 4852 &int-Hubert,

538 4867 608 4934 Vuy.
624 4867 766 4932 Ronrrn,
781 4868 857 4921 llisl.
871 4870 899 4920 S,
915 4870 1002 4928 l-lul„
1019 4888 1046 4939 p.
1062 4886 1120 4935 301.
1719 4911 1751 4963 35
