4450 6125
888 827 1042 907 Sancti
1076 826 1287 908 Huberti.
1581 829 1656 912 135

518 1126 703 1188 dicendum
712 1124 765 1185 vel
776 1123 950 1205 agendum
963 1122 1277 1199 dictan3,eventum
1292 1125 1339 1186 rei
1352 1129 1657 1207 pertemptandum

518 1223 700 1287 commisit.
730 1220 869 1301 Excepti
899 1222 1147 1284 honorabiliter
1171 1241 1190 1284 a
1216 1225 1401 1286 venerabili
1427 1228 1547 1288 abbate
1574 1229 1656 1290 Vul-

516 1323 650 1386 framno
665 1330 675 1356 ¹
690 1334 724 1385 et
743 1324 786 1384 ab
804 1340 845 1383 eo
864 1340 925 1401 per
946 1322 1175 1382 ebdomadam
1190 1320 1405 1385 familiariter
1420 1327 1555 1401 retenti,
1572 1328 1656 1388 adeo

516 1425 631 1487 virum
650 1422 722 1485 suis
740 1421 940 1484 affectabant
959 1418 1100 1494 facetiis,
1117 1433 1168 1497 ut,
1186 1423 1379 1504 quibusque
1400 1443 1544 1487 suorum
1566 1436 1657 1504 post·

474 1557 487 1607 5
517 1526 646 1608 positis,
661 1525 802 1586 illorum
818 1523 1010 1604 specialiter
1024 1523 1196 1585 frueretur
1211 1526 1398 1606 colloquiis.
1415 1527 1480 1588 Et²
1497 1527 1657 1590 Lamber-

516 1634 573 1689 tus
598 1626 740 1708 quidem
765 1624 886 1703 major,
914 1630 1032 1702 utpote
1057 1624 1118 1704 qui
1143 1626 1186 1686 ab
1210 1626 1435 1688 adolescentia
1464 1646 1526 1690 sua
1553 1629 1657 1691 curiis

515 1726 627 1790 fuerat
640 1734 808 1798 assuetus,
824 1743 905 1787 cum
920 1725 1102 1787 delectaret
1117 1725 1392 1787 confabulantem
1411 1728 1475 1789 sibi
1496 1731 1656 1792 abbatem

515 1827 674 1907 palatinis
693 1827 833 1902 salibus,
855 1826 969 1902 junior
988 1844 1079 1900 vero,
1106 1838 1209 1906 prout
1230 1839 1303 1889 erat
1324 1828 1372 1888 illi
1394 1828 1527 1890 dicendi
1547 1830 1653 1906 locus,

516 1929 665 1990 breviter
699 1927 881 1989 defloratos
914 1936 1071 1988 veterum
1104 1927 1284 1989 annalium
1315 1928 1522 1991 subinferret
1553 1948 1653 1992 even·

455 2063 485 2098 ro
515 2041 581 2104 tue,
603 2028 689 2090 illud
713 2028 765 2090 vel
787 2028 904 2108 sepius
923 2027 1079 2107 exigebat
1099 2029 1204 2089 abbas
1227 2030 1445 2092 referendum
1469 2031 1532 2092 sibi
1555 2033 1653 2112 quasi

512 2131 553 2192 ad
579 2129 727 2209 gratiam
757 2127 991 2208 jocunditatis,
1020 2128 1195 2208 quomodo
1221 2129 1381 2209 Papirius
1408 2131 1653 2193 pretextatus⁶

510 2229 627 2311 pueri,
637 2248 678 2292 ne
689 2239 828 2291 senatus
838 2228 1035 2290 consultum
1048 2229 1219 2307 proderet,
1228 2240 1376 2292 matrem
1387 2249 1486 2293 suam
1498 2232 1649 2296 eluserit.

511 2338 574 2390 Hic
590 2345 601 2384 3
618 2337 827 2404 Capitolium
850 2338 1024 2405 ingressus
1039 2332 1103 2391 sub
1119 2331 1264 2392 clamide
1278 2332 1383 2411 patris
1399 2333 1650 2396 latentert'nde·
1667 2336 1803 2401 Macrob.,

508 2452 576 2512 que
605 2451 789 2515 regressus,
820 2456 892 2492 cum
929 2456 962 2491 se
995 2441 1153 2507 querenti
1184 2442 1282 2490 matri
1312 2404 1811 2532 presentasset,illasatfisgal‘'

449 2542 478 2592 15
510 2534 600 2585 inter
626 2534 741 2586 oscula
771 2536 999 2602 interrogavit
1032 2549 1120 2595 eum,
1155 2534 1210 2585 ubi
1244 2534 1370 2586 tamdiu
1408 2535 1542 2588 fuisset.
1575 2536 1650 2602 Quo

508 2621 751 2686 respondente,
771 2638 803 2672 se
825 2637 896 2672 cum
917 2633 1012 2687 patre
1037 2622 1069 2670 in
1092 2630 1211 2671 senatu
1236 2620 1354 2682 fuisse,
1375 2624 1535 2674 maternis
1552 2639 1649 2691 argu·

508 2708 631 2759 mentis
652 2709 743 2774 cepit
765 2724 869 2774 puero
891 2709 1068 2769 insistere,
1094 2716 1129 2757 ut
1153 2708 1217 2760 sibi
1242 2707 1401 2774 referret,
1422 2709 1503 2776 quid
1522 2712 1647 2762 secreti

507 2795 812 2847 ibidemaudisset.
832 2795 920 2845 Puer
938 2796 1328 2861 per-ihesuscqueremis
1347 2794 1647 2863 fatigatione,cum

506 2883 645 2934 omnino
662 2882 1013 2948 deliberasseia'apud
1028 2899 1061 2932 se
1075 2882 1240 2949 Capitolii
1259 2893 1388 2933 secreta
1406 2899 1472 2933 non
1491 2884 1646 2949 prodere,

443 2987 478 3022 20
506 2970 684 3021 adinvenit
707 2968 913 3030 artificiose,
938 2979 1090 3020 senatum
1116 2970 1197 3020 duas
1219 2985 1341 3020 uxores
1364 2970 1550 3037 unicuique
1573 2971 1648 3022 viro

506 3056 715 3118 decrevisse,
738 3055 839 3123 idque
862 3056 894 3105 in
915 3071 1091 3107 commune
1115 3054 1385 3107 confirmandum
1411 3058 1556 3108 crastina
1581 3073 1647 3109 ses·

502 3145 612 3204 sione,
634 3143 729 3210 quasi
762 3142 800 3193 ad
828 3142 1019 3193 utilitatem
1053 3142 1257 3207 reipublice.
1294 3142 1430 3193 Femina
1463 3144 1646 3208 impatiens

502 3230 615 3281 tocius
647 3245 737 3281 more
769 3244 843 3280 cum
877 3226 1050 3294 trepidans
1086 3229 1216 3279 domoc
1251 3244 1385 3295 egressa
1428 3231 1646 3295 potentiores

500 3315 607 3367 Urbis
634 3324 803 3367 matronas
835 3316 1052 3375 suscitasset,
1073 3313 1178 3365 lactas
1208 3330 1291 3379 pene
1313 3314 1345 3363 in
1375 3315 1553 3365 amentiam
1583 3316 1645 3366 tali

437 3544 470 3594 25
538 3537 565 3570 a.
583 3529 745 3586 pretaxatus
762 3522 799 3571 Α.
820 3550 852 3557 -
874 3519 898 3573 b.
917 3521 997 3571 Dans
1015 3521 1052 3576 Α,
1074 3536 1144 3585 puer
1163 3529 1326 3586 pretexatus
1343 3537 1413 3569 carr.
1431 3537 1462 3568 an
1482 3528 1645 3586 pretexatus

503 3621 586 3674 puer.
600 3635 631 3643 -
642 3623 665 3657 c.
680 3609 828 3672 perthesus
839 3607 878 3657 A.
891 3636 923 3644 —
935 3607 960 3658 d.
975 3605 1180 3657 deliliberasset
1192 3606 1229 3655 Α.
1249 3634 1271 3641 -
1287 3623 1308 3654 e.
1323 3606 1438 3656 domum
1452 3606 1489 3656 A.

538 3942 546 3968 ¹
575 3932 756 3999 Walsramnus
773 3934 803 3983 de
820 3936 956 3999 Bettinga,
978 3940 1020 3984 vir
1038 3951 1150 4000 ariagnae
1167 3934 1325 3983 eruditionis
1343 3940 1368 3982 et
1386 3940 1493 3982 sanctae
1509 3948 1644 3982 conversa·

500 4022 593 4078 tionis,
606 4022 747 4089 praedium
760 4020 931 4087 Prumiffeld
941 4020 972 4070 ab
981 4020 1103 4070 Henrica
1115 4021 1145 4070 de
1156 4019 1303 4086 Limbourg
1320 4027 1491 4085 usurpatum,
1511 4017 1647 4084 imperiali

499 4109 646 4159 autoritate
657 4110 815 4158 monasterio
825 4110 932 4158 restitui
942 4109 1048 4158 curavit
1059 4124 1104 4157 an.
1119 4121 1198 4167 1101,
1211 4105 1266 4155 111
1275 4123 1337 4155 nan.
1350 4106 1479 4171 Augusti.
1492 4104 1647 4171 Insequenti

430 4210 468 4260 30
498 4196 584 4245 etiam
600 4212 672 4244 anno
688 4195 813 4245 adtrersas
832 4193 1007 4244 Bartholdum
1024 4195 1180 4242 advocatum
1199 4194 1355 4242 monasterii
1372 4194 1459 4258 regias
1478 4193 1644 4255 protectionis

496 4282 606 4333 litteras
628 4288 780 4332 consecutus
802 4288 847 4333 est.
873 4280 996 4330 Excessit
1017 4297 1066 4331 aii.
1089 4293 1142 4329 110
1142 4294 1174 4341 3.
1211 4278 1301 4328 Gallia
1322 4278 1478 4338 christiana,
1510 4286 1535 4329 t.
1561 4277 1640 4339 Xlll,

497 4385 524 4421 c.
540 4367 600 4433 596.
613 4366 671 4423 Ctr,
687 4367 862 4431 Hormina,
876 4366 1001 4416 Historia
1016 4365 1189 4425 Trevirensis‚
1204 4372 1223 4416 t.
1236 4365 1258 4426 I,
1273 4382 1300 4430 p.
1314 4378 1371 4430 479.

533 4463 543 4490 ²
565 4453 619 4505 Sur
636 4469 668 4505 ce
684 4453 753 4521 long
771 4453 975 4504 hors-d’oeuvre
992 4452 1027 4502 de
1045 4452 1070 4501 la
1091 4451 1252 4518 Chronique,
1276 4448 1438 4518 significatis
1454 4466 1489 4501 au
1510 4450 1584 4517 sujet
1606 4450 1641 4501 de

491 4542 689 4595 l'attribution
706 4540 741 4593 de
757 4540 867 4593 celle-ci
884 4544 899 4590 a
918 4539 1052 4591 Lambert
1069 4539 1096 4589 le
1112 4539 1214 4599 Jeune,
1234 4554 1298 4606 voy.
1321 4553 1387 4589 mon
1406 4523 1495 4588 Etude
1516 4540 1638 4606 critique,
1733 4543 1735 4547 '

416 4650 454 4703 35
489 4647 523 4699 p.
547 4628 590 4695 76.
610 4626 747 4679 L'interet
765 4627 799 4678 de
816 4627 950 4694 l'episode
967 4627 1111 4687 ci-dessus,
1129 4642 1164 4676 au
1182 4626 1262 4692 point
1278 4626 1313 4677 de
1329 4641 1384 4676 vue
1396 4626 1430 4676 de
1442 4625 1581 4678 l’histoire
1592 4626 1642 4678 des

488 4730 617 4776 moeurs,
630 4728 645 4764 a
657 4712 703 4765 ete
713 4714 949 4780 judicieusement
959 4712 1027 4764 note
1039 4728 1089 4778 par
1101 4712 1296 4774 Laurancur,
1310 4729 1384 4764 ouvr.
1398 4714 1456 4768 cae,
1473 4729 1500 4779 p.
1515 4715 1572 4774 284.

524 4810 538 4849 3
557 4800 594 4852 Je
608 4799 733 4866 rappelle
745 4816 800 4867 que
812 4800 853 4851 les
866 4813 993 4865 passages
1005 4814 1040 4850 en
1053 4799 1125 4864 petit
1138 4806 1215 4850 texte
1228 4799 1337 4850 romain
1350 4806 1414 4850 sont
1428 4798 1477 4850 des
1489 4807 1638 4865 emprunts

482 4889 643 4947 litteraux,
657 4886 698 4937 lea
710 4902 837 4955 passages
849 4901 885 4936 en
898 4884 969 4952 petit
982 4892 1059 4935 texte
1072 4884 1170 4951 espace
1182 4884 1232 4936 des
1242 4894 1390 4952 emprunts
1402 4884 1497 4937 libres.
