4450 6125
827 901 983 985 Sancti
1012 902 1222 985 Huberli.
1553 901 1599 984 61

467 1203 568 1264 donis
579 1218 711 1261 causam
724 1209 751 1272 ⁶,
766 1203 803 1259 ut
815 1198 850 1259 in
865 1199 1006 1261 satutem
1018 1201 1127 1260 anime
1139 1218 1206 1261 mee
1220 1218 1282 1278 pro
1292 1219 1384 1275 posse
1398 1205 1456 1262 tuo
1470 1221 1610 1281 exequa-

469 1303 521 1363 ris
532 1319 613 1363 eam.
633 1302 682 1363 Ad
700 1299 812 1362 tilium
829 1308 966 1361 autem:
985 1299 1070 1372 Tibi,
1088 1301 1213 1381 inquit,
1229 1302 1318 1364 edico
1334 1306 1367 1362 in
1380 1301 1448 1382 fide
1461 1304 1566 1365 debita
1582 1312 1612 1365 et

470 1404 635 1483 promisso
667 1404 769 1480 patri,
799 1402 1018 1479 adjutorium,
1048 1404 1305 1480 cooperationem
1335 1409 1366 1464 et
1394 1404 1611 1482 defensionem

473 1502 574 1585 hujus
601 1504 816 1575 executionis,
843 1504 1022 1564 secundnm
1050 1505 1317 1565 ammonitionem
1349 1505 1444 1565 istius
1469 1505 1614 1577 ablatis;

430 1623 445 1674 ς
473 1608 718 1684 dexteramque
733 1606 807 1683 ejus
820 1604 996 1667 astrictam
1010 1604 1182 1684 implicuit
1197 1605 1334 1668 dextere
1347 1604 1423 1679 tilii;
1437 1612 1612 1684 presentem

473 1706 571 1767 etiam
590 1705 755 1765 ecclesiam
776 1705 860 1765 beati
879 1706 972 1765 Petri
988 1706 1129 1779 apostoli
1144 1704 1165 1777 ¹,
1185 1723 1246 1783 que
1266 1707 1329 1766 mei
1343 1712 1389 1768 est
1403 1707 1612 1783 patrimonii,

474 1804 589 1883 delego
611 1805 862 1881 imperpetuum,
885 1805 1121 1866 constituendis
1144 1806 1178 1865 in
1198 1824 1235 1865 ea
1258 1808 1438 1880 monachis,
1461 1815 1615 1868 matrem-

475 1904 564 1984 que¹
581 1902 653 1983 ejus
674 1905 853 1966 Sattiacum
875 1907 985 1966 rivum
1004 1904 1164 1981 confirmo
1185 1925 1299 1967 eorum
1318 1907 1450 1981 ditioni,
1472 1910 1616 1969 exclusis

477 2004 613 2066 omnino
633 2006 788 2067 kactenus
811 2006 994 2068 tenentibus
1014 2024 1084 2067 eam
1104 2007 1240 2068 clericis.
1266 2008 1382 2067 Preter
1402 2010 1616 2086 possessiones

421 2127 450 2163 ιο
478 2124 554 2168 uero
564 2125 647 2186 quas
658 2109 736 2168 liuic
751 2126 838 2169 meae
852 2108 1015 2169 deuotioni
1025 2109 1204 2187 privilegio
1218 2114 1247 2168 el
1262 2112 1458 2170 auctoritate
1468 2110 1617 2171 Alexan-

478 2206 536 2266 dri
545 2226 626 2284 pape
637 2208 844 2287 confirmavi,
861 2228 901 2269 ex
913 2228 1067 2270 consensu
1083 2210 1239 2289 conjugis
1255 2229 1320 2271 mee
1342 2210 1503 2272 Beatricis
1515 2202 1538 2284 ³,
1562 2218 1619 2272 tuo

478 2325 618 2387 quoque,
641 2310 689 2370 mi
710 2309 964 2384 karissimefiti‚
989 2315 1019 2370 et
1036 2328 1152 2381 sponse
1173 2316 1226 2371 tue
1243 2310 1416 2372 Matnitdis
1431 2313 1454 2384 ⁴,
1472 2312 1506 2371 in
1521 2330 1617 2383 auro,

478 2415 620 2487 argento
634 2411 801 2489 uariisque
815 2412 1028 2483 ornamentis,
1051 2428 1183 2471 censum
1208 2412 1299 2472 mille
1321 2412 1485 2473 librarum
1506 2430 1619 2472 rerum

482 2527 630 2570 mearum
658 2512 829 2572 mobilium
857 2512 1056 2591 aggregavi,
1083 2530 1145 2590 que
1171 2519 1273 2573 vestre
1297 2514 1451 2573 commito
1468 2511 1564 2588 fidei.
1586 2516 1621 2572 ut

427 2631 453 2682 ις
484 2609 586 2689 liujus
611 2612 737 2672 ecclesie
761 2611 939 2690 proficiant
962 2612 1113 2673 utilitati.
1142 2612 1208 2674 Hec
1233 2612 1348 2674 omnia
1375 2633 1395 2675 a
1420 2623 1518 2693 putre
1543 2630 1622 2674 con-

483 2714 573 2775 dictu
585 2711 599 2751 1
612 2722 645 2774 et
660 2730 680 2774 a
697 2711 765 2773 filio
778 2713 1053 2786 laudatu,abba8,
1065 2724 1102 2774 ut
1118 2723 1191 2774 erat
1203 2713 1348 2793 simplex
1366 2723 1398 2775 et
1415 2724 1540 2787 rectus,
1552 2731 1623 2774 ere-

482 2815 571 2876 didit
584 2831 657 2876 esse
674 2826 758 2888 rata,
775 2815 938 2896 omnique
953 2826 963 2852 ⁶
983 2813 1144 2876 dilatione
1160 2825 1292 2876 remota
1306 2814 1481 2877 collocavit
1495 2813 1623 2875 ibidem

482 2914 653 2976 deservire
675 2915 744 2976 Deo
765 2915 847 2977 satis
870 2917 1028 2977 honestas
1050 2933 1211 2994 personas
1233 2916 1372 2992 majoris
1393 2934 1453 2977 sue
1474 2916 1622 2980 ecclesie.

481 3014 608 3078 scilicet
631 3012 800 3078 Attridum
820 3016 1009 3085 custodem,
1036 3016 1259 3079 [umbertum
1285 3020 1462 3095 majorem,
1489 3017 1622 3080 Lieber·

422 3147 455 3183 ιο
483 3129 558 3181 tum
583 3128 699 3198 postea
721 3119 786 3181 sub
809 3137 844 3179 se
865 3119 940 3197 ejus
955 3118 1016 3179 loci
1034 3119 1259 3199 prepositum,
1278 3120 1498 3199 Arnulphum
1514 3120 1624 3198 capel-

515 3311 542 3344 a.
563 3294 641 3345 Dans
661 3296 699 3351 A,
720 3295 856 3345 au-dessus
879 3295 909 3343 de
932 3310 1053 3355 causam,
1080 3294 1124 3345 vel
1149 3309 1255 3345 curam.
1275 3324 1306 3331 —
1329 3294 1351 3343 l.
1374 3294 1513 3345 cumdicta
1534 3296 1570 3345 A.
1594 3323 1624 3332 —-

483 3397 506 3430 c.
520 3382 635 3449 ornique
647 3383 683 3432 A.

523 3673 529 3700 ¹
550 3665 621 3733 Voy.
635 3667 779 3726 cidessus,
795 3685 821 3733 p.
838 3682 878 3731 59.

522 3761 531 3787 ¹
551 3753 725 3806 Sensenruth
738 3755 964 3822 (Luxembourg,
979 3753 1181 3813 Neulchitcau,
1198 3753 1360 3818 tumtunm
1380 3753 1404 3803 la
1417 3753 1628 3803 denominatum

427 3852 457 3902 25
488 3836 693 3904 d’eglisemdre
711 3839 865 3906 s'applique
883 3842 935 3890 soit
955 3844 969 3889 'u
988 3838 1092 3904 l'eglisc
1111 3838 1280 3896 cathedrale,
1295 3839 1348 3888 soit
1373 3866 1399 3874 -
1419 3849 1445 3887 et
1464 3837 1529 3888 c'est
1547 3836 1573 3886 le
1586 3852 1631 3886 cas

489 3923 523 3973 ici
539 3952 567 3961 -
580 3927 595 3974 it
608 3924 714 3992 l'cglise
728 3926 891 3991 baptismale
905 3943 940 3976 ou
956 3924 1127 3991 paroissiale.

522 4014 533 4051 ³
553 4007 621 4059 Bien
634 4025 689 4076 que
702 4011 727 4060 le
739 4012 930 4077 chroniqueur
944 4026 978 4060 ne
997 4011 1022 4060 le
1040 4011 1099 4060 dise
1119 4026 1166 4076 itas
1184 4010 1406 4075 explicitement,
1426 4010 1444 4060 il
1463 4020 1504 4059 est
1525 4011 1630 4059 certain

489 4109 544 4160 que
563 4094 675 4147 Beatrix
694 4097 760 4148 etait
778 4101 793 4147 ii
810 4114 841 4148 co
861 4109 985 4147 moment
1004 4102 1018 4147 u
1039 4096 1171 4148 Bouillon
1189 4098 1270 4163 (roy.
1290 4097 1397 4147 Mum
1415 4112 1472 4147 rou
1493 4097 1630 4151 lixoxnr,

492 4189 513 4229 t.
529 4180 551 4243 l,
566 4197 591 4247 p.
606 4182 664 4247 635,
684 4194 710 4233 ot
731 4183 857 4234 Mlmlrs
875 4193 903 4233 et
924 4183 1065 4243 FOPPExs,
1086 4184 1172 4249 Opera
1191 4185 1371 4248 diplomatica,
1387 4194 1406 4233 t.
1426 4184 1447 4242 l,
1465 4200 1492 4248 p.
1512 4187 1588 4246 352);
1608 4183 1632 4231 la

431 4281 466 4329 30
492 4268 566 4317 suite
577 4268 612 4318 de
625 4269 650 4319 la
666 4269 816 4338 chronique
833 4270 938 4337 signali·
956 4271 990 4321 de
1010 4270 1072 4336 plus
1092 4270 1117 4320 la
1137 4286 1269 4336 presence
1286 4271 1320 4320 do
1337 4268 1473 4319 staihilde
1485 4273 1586 4334 aupres
1598 4269 1632 4317 de

491 4352 646 4405 Godelroid
661 4356 686 4406 le
697 4356 795 4417 Bossu,
809 4359 863 4407 soit
876 4360 890 4406 it
904 4358 1028 4410 verdun.
1043 4358 1125 4407 sultis
1141 4357 1282 4414 lluuillon,
1295 4355 1459 4413 cidessuus,
1472 4371 1496 4405 c.
1511 4368 1552 4418 25,
1566 4370 1633 4402 utor

489 4443 548 4504 ejus
565 4441 715 4497 Malleildls,
730 4461 757 4492 eo
768 4443 867 4499 relicto,
881 4443 1095 4507 langobardiam
1109 4444 1204 4498 rediit:
1217 4444 1285 4493 dans
1303 4460 1334 4494 ce
1352 4459 1425 4502 sens,
1444 4441 1633 4499 Diximus,

490 4543 566 4580 ouer.
579 4531 638 4585 citt,
654 4546 701 4597 pp.
715 4530 744 4580 16
756 4541 783 4580 et
797 4531 868 4582 suiv.

525 4624 538 4655 ⁴
556 4615 695 4668 Mathilde
713 4617 748 4667 de
767 4618 888 4668 Canussa
906 4627 934 4667 et
952 4614 1107 4667 (iodelroid
1126 4616 1152 4666 le
1172 4615 1258 4666 liossu
1277 4616 1409 4666 n’itaient
1421 4615 1494 4666 donc
1507 4616 1637 4680 toujours

432 4721 462 4771 35
493 4719 549 4770 que
570 4702 684 4759 fianees:
707 4720 744 4755 on
766 4704 825 4754 doit
844 4703 1022 4769 conjecturor
1040 4719 1095 4770 que
1115 4703 1140 4753 le
1159 4704 1280 4770 mariage
1297 4713 1344 4752 eut
1364 4702 1420 4752 lieu
1440 4718 1493 4767 peu
1512 4705 1602 4766 apres,
1622 4704 1636 4748 u

494 4788 620 4848 Verdun,
633 4806 667 4841 au
681 4790 713 4840 lit
726 4790 761 4840 de
775 4800 848 4840 mort
865 4788 899 4839 de
917 4787 1072 4840 (iodesroid
1091 4788 1117 4838 le
1138 4787 1240 4840 Burbu.
1259 4792 1329 4855 Voy.
1352 4787 1541 4846 Discursus,
1560 4803 1635 4835 ομιτ.

493 4878 555 4939 citt,
569 4892 616 4943 pp.
631 4891 658 4937 ¹4
671 4886 699 4927 et
712 4878 795 4938 suisa,
808 4879 823 4926 it
837 4875 861 4926 la
874 4876 1030 4926 discussion
1043 4875 1175 4926 detaillee
1187 4875 1292 4941 duquel
1305 4891 1377 4925 nous
1389 4891 1424 4925 ne
1442 4889 1570 4942 pouvous
1582 4888 1636 4937 quc

494 4976 635 5029 renvoyer
647 4962 674 5013 le
685 4962 801 5014 lecteur.
