4450 6125
730 882 884 964 Sancti
914 876 1126 964 liuberti.
1417 907 1499 994 sqq

359 1193 432 1240 rem
453 1176 616 1251 differret,
634 1179 808 1259 respondit
828 1179 895 1254 ille,
912 1179 993 1261 quia
1012 1180 1144 1259 justicie
1163 1179 1347 1244 diffideret.
1370 1181 1500 1262 Rapuit

360 1277 511 1358 pontifex
537 1297 618 1341 cum
643 1278 878 1361 indignatione
903 1282 1047 1342 verbum
1074 1279 1275 1357 diffidentie,
1304 1282 1499 1362 juravitque

360 1379 402 1440 de
430 1380 561 1459 agenda
591 1380 727 1458 iusticia
753 1381 911 1444 abbatem
940 1379 1068 1444 frustra
1096 1380 1264 1457 diffidere,
1289 1383 1317 1445 si
1345 1384 1411 1447 rite
1435 1383 1498 1446 sibi

361 1488 552 1559 superesset
573 1499 654 1544 cum
676 1483 911 1563 prosperitate.
935 1482 1036 1545 Circa
1057 1485 1178 1545 horam
1199 1494 1342 1558 sextam,
1360 1484 1500 1548 collecto

319 1597 331 1648 s
360 1578 524 1643 adversus
553 1579 738 1644 Otbertum
766 1583 857 1645 ciero
887 1582 1075 1660 Leodiensi,
1105 1584 1240 1645 videres
1272 1584 1501 1648 tumultuaria

359 1680 569 1743 dissensione
590 1683 759 1745 rationem
781 1683 955 1759 contundi,
971 1684 1043 1746 sine
1061 1685 1295 1747 vicissitudine
1317 1685 1451 1749 dicendi
1466 1696 1499 1748 et

359 1779 521 1841 audiendi
551 1780 705 1859 iniurias,
733 1802 819 1865 quas
844 1785 888 1846 ab
917 1783 1061 1847 Otberto
1089 1786 1313 1865 pertulerant,
1344 1786 1499 1869 singulos

359 1882 533 1962 conqueri,
560 1884 737 1946 canonicas
762 1887 946 1948 sententias
971 1888 1135 1948 adversus
1158 1904 1239 1947 eum
1264 1886 1499 1949 indifferenter

359 1980 515 2055 conferri,
546 1984 653 2046 donec
681 1984 829 2065 pontifex
861 1985 1071 2048 Coloniensis
1096 2005 1136 2048 eo
1162 2005 1275 2049 secum
1300 1989 1500 2050 introducto

314 2107 333 2144 ο
360 2080 522 2145 consedit.
540 2082 696 2146 Tandem
711 2086 830 2148 sedato
844 2086 998 2149 tumultu
1017 2093 1051 2148 et
1065 2085 1144 2148 data
1159 2088 1338 2163 sententia,
1357 2097 1394 2151 ut
1410 2105 1500 2150 unus

361 2178 486 2244 diceret
507 2202 570 2264 pro
591 2186 763 2262 omnibus,
787 2188 827 2248 ad
852 2190 914 2250 boc
936 2189 1176 2268 exequendum
1201 2189 1329 2250 electus
1349 2188 1500 2251 constitit

361 2282 395 2342 in
419 2283 533 2345 medio
558 2286 725 2348 Henricus
746 2287 1016 2358 archidiaconus,
1034 2290 1093 2368 qui
1115 2289 1227 2350 dicere
1242 2306 1382 2350 exorsus
1398 2303 1405 2350 :
1423 2288 1496 2362 iiic,

361 2382 485 2464 inquit,
522 2385 647 2447 clamor
681 2403 780 2466 super
814 2389 971 2450 domnum
1003 2392 1190 2466 episcopum
1225 2409 1244 2449 a
1281 2390 1374 2452 nobis
1406 2391 1500 2452 hodie

361 2488 521 2564 agentius,
546 2504 611 2548 non
636 2494 683 2550 est
706 2490 775 2568 q'us
799 2490 925 2565 private
949 2492 1022 2561 uite,
1048 2491 1143 2568 cuius
1169 2493 1258 2551 testis
1282 2497 1328 2551 est
1357 2492 1444 2552 Deus
1471 2496 1500 2552 et

310 2607 331 2657 ες
358 2586 461 2665 iudex
484 2588 591 2661 soius;
608 2590 663 2650 sed
681 2590 719 2651 de
738 2591 915 2667 injusticiis
933 2592 1154 2652 ecciesiasticis
1175 2597 1206 2651 et
1227 2593 1348 2652 nostris
1370 2590 1500 2670 tegibus

362 2692 392 2748 et
406 2685 502 2749 rebus
520 2690 672 2766 publicis,
689 2691 836 2754 uidelicet
857 2694 946 2772 quod
966 2692 1111 2753 abbatias
1132 2695 1243 2752 taxato
1262 2692 1367 2768 pretio
1388 2692 1500 2753 uendi-

363 2790 489 2863 cierit⁶;
512 2793 599 2869 quod
620 2793 832 2854 ecclesiastica
855 2794 1039 2855 ministeria
1063 2813 1125 2874 que
1150 2800 1286 2870 presunt
1310 2796 1500 2856 animarum

362 2893 453 2952 curis
480 2894 509 2952 et
537 2910 610 2971 que,
635 2896 744 2969 utpote
764 2895 850 2955 dona
871 2895 1020 2974 Spiritus
1041 2894 1167 2968 Sancti,
1191 2895 1344 2956 donanda
1366 2900 1395 2958 et
1419 2897 1502 2957 acci·

363 2991 478 3070 pientia
493 2998 571 3053 sunt
585 2994 705 3074 gratis,
723 3000 815 3071 pacta
839 2997 981 3056 mercede
997 2996 1208 3056 distribuerit
1215 3014 1225 3073 ;
1248 2997 1336 3076 quod
1358 3000 1394 3057 in
1415 3013 1502 3058 com·

310 3113 335 3148 to
363 3110 462 3153 mune
475 3094 656 3173 dampnum
671 3096 880 3157 ecclesiarum
900 3097 1048 3157 omnium
1061 3098 1322 3173 prouincialium
1338 3098 1503 3178 legitimas

365 3199 509 3255 monetas
532 3196 646 3255 totiens
668 3198 844 3257 mutaverit
859 3198 907 3256 vet
928 3198 1088 3256 minuerit
1103 3199 1162 3266 vet,
1185 3196 1272 3275 quoti
1285 3201 1331 3256 est
1345 3197 1500 3270 deterius,

363 3296 535 3370 corrumpi
562 3297 776 3371 consenserit,·
808 3297 896 3376 quod
924 3296 1107 3357 libertatem
1136 3296 1261 3373 publici
1284 3296 1386 3373 juris,
1415 3295 1502 3376 teges

364 3413 383 3453 a
419 3393 599 3472 majoribus
627 3397 750 3457 nostris
782 3397 935 3457 hactenus
960 3396 1097 3469 habitas,
1128 3398 1285 3457 uiolenter
1315 3395 1503 3475 infringere

364 3497 580 3571 contenderin-
598 3498 685 3577 quod
699 3498 791 3559 nobis
805 3502 834 3559 et
848 3496 1032 3578 quibusque
1045 3495 1196 3567 fidelibus
1211 3498 1316 3559 sancti
1336 3495 1505 3558 Lamberti

310 3618 334 3669 ις
366 3611 404 3657 ne
424 3597 483 3657 hoc
496 3596 616 3674 faceret
630 3598 898 3678 suggerentibus,
922 3600 1040 3659 audire
1060 3599 1288 3677 contempserit
1294 3618 1306 3672 ,·
1326 3598 1414 3677 quod
1432 3602 1503 3657 tan·

359 3681 434 3758 'dem
451 3699 685 3772 potentioribus
699 3700 854 3778 episcopii
867 3699 1075 3779 exigentibus
1092 3702 1128 3760 ut
1142 3717 1175 3759 se
1193 3700 1385 3777 corrigeret,
1401 3697 1505 3759 corri-

363 3799 463 3876 gendi
476 3814 509 3857 se
516 3795 619 3873 fidem
634 3799 769 3872 dederit,
782 3805 812 3859 et
826 3801 936 3859 datam
952 3799 1086 3858 irritam
1094 3799 1224 3874 secerit5
1235 3799 1322 3877 quod
1334 3798 1504 3859 thesauros

362 3898 570 3960 ecclesiarum
592 3918 674 3978 quas
693 3900 880 3977 expoliavit,
903 3912 967 3960 nec'
981 3902 1061 3961 dum
1082 3918 1157 3961 cum
1183 3900 1285 3977 possit
1308 3896 1504 3961 restituere⁶

364 4000 506 4062 uoluerit
519 4010 541 4062 ⁶.
561 4001 648 4075 Quia
670 4019 751 4081 ergo
770 4003 817 4062 sie
837 4020 870 4062 se
892 4000 984 4061 habet
1005 4001 1134 4076 publica
1155 3999 1342 4062 Leodiensis
1364 3999 1503 4072 ecciesie,

310 4122 339 4171 ⁵0
365 4110 472 4179 preter
486 4106 632 4181 priuatas
647 4104 829 4164 muitarum
844 4104 1081 4183 querimonias,
1101 4120 1184 4183 quas
1206 4102 1347 4181 tongum
1366 4104 1413 4162 est
1431 4119 1504 4177 pro

366 4202 518 4279 ciamare,
535 4204 682 4266 conuenit
695 4204 889 4264 auctoritati
902 4208 1003 4265 vestre
1022 4203 1181 4279 spiritum
1203 4203 1335 4264 consilii
1354 4208 1383 4263 et
1404 4201 1504 4282 farti·

368 4305 493 4366 tudinis
526 4307 644 4378 adesse,
679 4309 716 4366 ut
747 4306 889 4366 dictante
917 4306 1045 4383 judicio
1077 4303 1274 4379 reformetur
1301 4299 1449 4383 justicia,
1475 4307 1505 4363 et

369 4405 691 4481 absolutisffliorum
706 4424 845 4468 suorum
860 4405 1088 4486 querimoniis,
1105 4405 1140 4465 in
1160 4422 1236 4479 pace
1254 4422 1369 4465 eorum
1390 4404 1506 4465 letetur

369 4511 472 4565 mater
494 4505 648 4567 Ecctesia.
678 4507 727 4568 Ad
755 4508 816 4568 hec
836 4506 1125 4586 archiepiscopus,
1148 4505 1184 4566 in
1209 4504 1350 4566 consilio
1374 4502 1507 4566 locutus

310 4626 342 4675 35
372 4603 524 4678 Otberto,
543 4604 653 4680 rediit,
673 4606 889 4687 breviterque
909 4605 1129 4668 concionatus
1147 4622 1250 4685 super
1263 4604 1403 4685 querela
1415 4620 1508 4665 com-

375 4705 480 4766 muni.
508 4705 692 4768 Otbertum
714 4707 850 4777 rubore,
872 4706 981 4768 immo
1001 4705 1235 4787 indignatione
1253 4702 1446 4780 confusum,
1468 4704 1510 4765 de

365 4931 370 4935 ·
404 4940 430 4975 a.
449 4922 611 4975 vendiderat
624 4922 661 4977 A.
676 4953 708 4962 -
726 4923 748 4974 b.
774 4931 901 4977 restuere
913 4925 950 4976 A.
964 4953 997 4963 -
1014 4940 1036 4975 c.
1056 4924 1229 4977 nolueritA.

1346 5010 1391 5073 1⁷
