4450 6125
632 860 709 941 232
840 859 1150 939 Cantatorium
1182 863 1274 938 sive
1310 856 1564 938 Chronicon

631 1158 771 1219 lViredo
790 1159 927 1218 subesse
945 1155 994 1217 vel
1016 1155 1270 1216 communicare
1285 1153 1502 1224 detestantes,
1519 1152 1770 1216 Theodericum

632 1277 694 1340 pro
716 1259 838 1319 abbate
860 1256 1061 1318 omnimodo
1084 1257 1279 1318 retinerent.
1305 1254 1463 1330 Quorum
1485 1252 1553 1326 ille,
1571 1262 1611 1316 ut
1627 1262 1770 1334 poterat,

632 1359 808 1428 sollicitus,
825 1358 1011 1437 pendentes
1033 1373 1073 1416 ex
1094 1374 1157 1418 suo
1180 1364 1335 1435 respectu
1360 1355 1527 1416 revisebat
1546 1352 1773 1436 frequentius,

630 1460 747 1543 eisque
779 1458 980 1520 cohabitans
1013 1458 1229 1530 hortabatur,
1261 1466 1299 1519 ut
1334 1457 1428 1518 salva
1461 1453 1628 1518 fidelitate
1653 1455 1775 1520 matris

630 1562 769 1625 ecclesie
786 1560 872 1623 beati
892 1560 982 1622 Petri
1003 1570 1035 1622 et
1053 1559 1139 1620 beati
1157 1559 1301 1620 Huberti
1317 1558 1399 1620 locis
1420 1557 1490 1620 suis
1511 1555 1546 1618 in
1562 1556 1775 1639 proficiendo
1811 1577 1821 1625 5

631 1663 862 1726 allaborarent
883 1660 1021 1741 singuli.
1049 1659 1144 1723 Unde
1165 1668 1199 1722 et
1223 1659 1348 1721 Emmo
1365 1660 1373 1686 ¹
1390 1658 1587 1740 prepositus
1611 1658 1773 1734 pirensis,

633 1776 748 1846 postea
777 1783 858 1826 vero
887 1765 991 1826 abbas
1017 1762 1149 1824 cenobii
1179 1761 1379 1824 Mutinensis
1409 1774 1436 1838 ⁶,
1466 1762 1645 1825 ecclesiam
1681 1765 1775 1826 beate
1809 1762 1814 1773 ”

632 1867 737 1928 lllarie
762 1875 795 1928 et
820 1866 906 1928 beati
932 1863 1070 1944 Sulpitii
1086 1883 1105 1926 a
1120 1865 1250 1926 domno
1268 1862 1441 1945 Raigero²
1462 1872 1596 1943 ceptam
1614 1864 1776 1943 perduxit

630 1968 672 2028 ad
699 1975 894 2048 presentem
918 1983 1107 2042 summam3
1131 1966 1340 2039 castrenses,
1373 1965 1548 2027 Cunenses
1572 1974 1606 2027 et
1631 1963 1646 2005 θ
1673 1964 1776 2028 Sanc-

632 2070 768 2143 tienses,
794 2078 896 2149 prout
919 2069 1064 2150 quisque
1090 2069 1214 2146 potuit,
1239 2066 1379 2148 proiecit
1400 2065 1436 2128 in
1461 2065 1674 2130 habitatione
1700 2086 1773 2131 sua.
1799 2085 1805 2119 ¹
1901 2098 1928 2129 <

633 2171 815 2233 Occasione
836 2188 973 2251 quoque
997 2169 1100 2246 hujus
1115 2168 1347 2243 dissensionis,
1367 2169 1463 2231 Dodo
1476 2168 1648 2232 Cunensis
1664 2169 1777 2233 Calvi·

632 2272 765 2333 eiacum
794 2280 827 2332 et
857 2269 1094 2332 Flabotvillam
1125 2261 1325 2333 ³violenter
1355 2269 1546 2348 intercepit,
1578 2278 1611 2332 et
1644 2273 1781 2337 reditus

633 2389 753 2435 earum
775 2371 939 2434 fratribus
959 2372 1041 2435 celle
1063 2390 1123 2434 sue
1153 2372 1323 2434 deservire
1345 2373 1466 2453 coegit.
1496 2371 1662 2437 Wiredus
1691 2375 1781 2440 inte-

634 2491 702 2547 rea,
720 2473 986 2537 assentientibus
1001 2473 1064 2536 sibi
1087 2474 1185 2553 quasi
1207 2473 1249 2533 ad
1272 2473 1422 2554 gratiam
1444 2472 1649 2546 fautoribus,
1667 2475 1785 2541 immo

633 2573 870 2635 seductoribus
884 2574 966 2644 suis,
983 2591 1047 2652 pro
1061 2572 1288 2635 deliramento
1303 2573 1485 2651 desipiens,
1500 2576 1686 2655 reputabat
1697 2596 1783 2641 evo·
1910 2574 1928 2609 ¹

634 2672 802 2734 cationem
831 2672 984 2734 Romane
1008 2671 1192 2745 audientis,
1219 2690 1325 2753 quam
1352 2674 1582 2739 Theodericus
1604 2676 1790 2743 indixerat

634 2770 677 2842 ei,
693 2772 776 2852 quia
791 2781 828 2834 ut
843 2772 978 2834 exulem
994 2782 1028 2835 et
1044 2790 1232 2852 pauperem
1255 2774 1350 2836 nullo
1370 2775 1475 2838 modo
1496 2778 1659 2842 credebat
1681 2797 1793 2860 posse

635 2874 756 2954 exequi
779 2891 846 2954 que
867 2874 1048 2936 videbatur
1071 2875 1207 2949 minari,
1229 2893 1309 2936 cum
1331 2894 1398 2938 non
1420 2879 1561 2943 haberet
1579 2881 1792 2946 subsidium

636 2971 846 3051 perficiendi.
870 2974 1100 3038 Theodericus
1122 2993 1202 3038 vero
1224 2995 1290 3038 non
1315 2977 1499 3042 immemor
1524 2980 1576 3043 sui
1602 2983 1793 3048 ambiebat

636 3073 797 3154 precibus
811 3093 898 3156 quos
918 3086 1060 3139 noverat
1074 3077 1165 3141 viros
1180 3077 1329 3151 virtutis,
1347 3090 1385 3143 ut
1407 3090 1694 3163 compaterentur
1716 3086 1790 3149 sibi

634 3180 668 3235 et
690 3175 908 3258 porrigerent
930 3195 1073 3240 manum
1091 3179 1244 3243 karitatis
1265 3182 1307 3241 ad
1331 3184 1572 3263 exequendum
1595 3186 1788 3268 negotium

636 3278 740 3354 hujus
760 3295 820 3340 sue
841 3280 1110 3358 procurationis,
1134 3282 1225 3343 unde
1246 3281 1280 3342 in
1300 3282 1394 3345 brevi
1414 3284 1576 3358 obtinuit,
1599 3295 1802 3352 uteorum

636 3378 815 3459 largitione
842 3380 1032 3461 acquireret
1057 3394 1069 3421 ⁶
1096 3383 1291 3446 subsidium
1319 3386 1458 3448 honeste
1489 3388 1638 3451 Romam
1662 3392 1800 3468 eundi,

668 3586 694 3619 a.
715 3569 893 3622 morimensis
906 3570 942 3622 A.
956 3599 989 3608 —
1006 3570 1028 3620 l.
1049 3571 1128 3621 Dans
1140 3572 1177 3626 Α,
1193 3570 1216 3622 le
1226 3572 1309 3623 scrile
1324 3592 1340 3623 a
1355 3577 1440 3641 repete
1450 3580 1505 3643 par
1519 3591 1614 3627 meur
1629 3591 1795 3632 cunm.

635 3684 667 3694 -
684 3673 707 3707 c.
725 3659 988 3726 acquiquereretA.

638 3826 932 3840 ψ

672 3947 678 3973 ¹
698 3940 732 3991 Je
754 3942 807 3992 n'ai
832 3959 881 4008 pas
905 3943 993 3995 reussi
1014 3948 1029 3995 a
1050 3945 1191 3997 identifier
1207 3955 1251 3998 cet
1270 3947 1369 3998 Emmo
1387 3947 1464 3999 ahias
1483 3948 1652 4003 Morinensis
1670 3953 1801 4012 cenobii,

636 4026 803 4080 c'est-‘a-dire
834 4030 905 4082 abbe
936 4032 972 4083 de
1003 4031 1316 4097 saint-lean-au-llom,
1346 4035 1381 4086 de
1409 4034 1580 4089 Therouane
1608 4035 1693 4105 (plus
1724 4038 1812 4094 ιιι-ἀ

635 4112 780 4183 d'Ypres),
803 4121 961 4170 monestere
982 4120 1029 4186 qui
1051 4119 1092 4171 lut
1112 4137 1148 4171 en
1169 4120 1236 4173 ellet
1256 4120 1340 4174 fonde
1360 4138 1424 4173 vers
1444 4131 1518 4175 cette
1538 4122 1612 4187 date,
1638 4138 1716 4194 1090,
1735 4139 1815 4196 pu·

637 4200 685 4252 Ide
698 4201 733 4254 de
745 4201 903 4272 Boulogne,
918 4214 945 4256 et
956 4206 1057 4273 auquel
1072 4207 1213 4259 Eustache
1224 4208 1318 4260 donna
1330 4225 1366 4260 en
1382 4223 1445 4260 1100
1456 4224 1512 4262 une
1523 4211 1621 4262 charte
1632 4211 1814 4267 confirma-

636 4288 703 4349 tive,
725 4291 887 4355 reproduite
908 4308 957 4357 par
975 4291 1125 4355 almarus,
1145 4294 1311 4361 Deplonmta,
1333 4304 1359 4346 2·
1377 4295 1431 4358 ed„
1452 4312 1480 4363 p.
1503 4310 1574 4361 ¹³¹¹·
1593 4295 1668 4366 Voy.
1684 4297 1815 4352 'Gallia

638 4372 751 4431 Christ..
774 4385 794 4428 t.
815 4376 860 4438 X,
881 4378 934 4431 cul.
958 4382 1018 4444 1582
1037 4391 1065 4432 et
1084 4382 1156 4435 suiv.
1177 4382 1199 4432 ll
1218 4390 1260 4433 est
1279 4386 1294 4433 ir
1316 4398 1479 4451 remarquer
1498 4397 1554 4451 que
1574 4383 1600 4436 lt
1619 4386 1720 4439 notice
1743 4387 1831 4441 du.

639 4459 738 4514 Gallia.
762 4465 798 4513 nir
821 4464 877 4515 l'nn
898 4469 1018 4518 cherche
1040 4469 1201 4520 rainement
1220 4470 1246 4520 le
1264 4484 1329 4521 nom
1350 4469 1511 4531 d'Emmon,
1529 4478 1572 4521 est
1591 4478 1653 4523 tout
1670 4473 1866 4526 entiere

637 4549 841 4601 extri-rnernent
856 4553 989 4617 pre'caire.

671 4642 680 4667 ²
701 4635 723 4684 ll
736 4637 813 4702 s‘agit
827 4639 862 4688 de
876 4639 1028 4705 Ragineras
1041 4641 1225 4700 libaverimus,
1238 4648 1326 4710 postea
1333 4644 1483 4710 prepositus
1493 4639 1556 4692 celle
1567 4640 1699 4700 pirensis,
1712 4657 1816 4715 roy
1828 4686 1854 4702 .

637 4721 782 4783 eldessus,
798 4740 823 4789 p.
840 4738 880 4789 27,
894 4726 1034 4790 plusieurs
1047 4728 1099 4781 lois
1112 4730 1167 4780 cite
1179 4730 1248 4780 dans
1261 4729 1285 4780 la
1301 4727 1460 4795 Clarumque.
1899 4749 1928 4807 3,,-

670 4800 681 4835 ³
699 4807 754 4860 Sur
771 4819 844 4860 cette
862 4812 1053 4867 intervention
1070 4816 1105 4867 de
1119 4815 1220 4866 Dodon
1237 4815 1272 4866 de
1284 4815 1360 4866 Cons
1372 4817 1387 4865 a
1400 4828 1505 4881 propos
1516 4812 1552 4865 de
1563 4812 1735 4883 Chauvency
1763 4831 1842 4876 et

638 4896 673 4946 de
687 4894 871 4958 Flabeurille,
887 4915 949 4965 roy
964 4903 1108 4963 ci-dessus,
1123 4919 1150 4968 p.
1168 4903 1222 4964 183.
