4450 6125
539 853 593 959 64
749 855 1061 936 Cantaturium
1090 855 1184 931 sive
1218 850 1475 932 Clu‘orticon

538 1154 635 1216 Tunc
664 1153 805 1214 tandem
836 1152 951 1228 junior
977 1147 1181 1214 Godelridus
1208 1148 1286 1230 quis
1319 1154 1407 1209 esset
1441 1144 1616 1227 apparuit,
1648 1153 1683 1206 et

539 1262 735 1314 recurrente
750 1253 792 1312 ad
809 1270 843 1314 se
858 1254 980 1314 abbate
993 1264 1007 1290 ⁶
1025 1268 1087 1330 pro
1101 1259 1308 1312 testamento
1322 1249 1516 1311 ordinando
1530 1246 1684 1310 defuncti

539 1352 658 1431 patriS,
677 1370 744 1413 non
761 1362 898 1414 tantum
914 1351 1098 1414 consilium
1113 1362 1147 1413 et
1161 1350 1329 1413 auxilium
1346 1367 1451 1412 suum
1465 1347 1515 1410 illi
1533 1346 1684 1430 negavit,

537 1453 595 1514 sed
616 1453 721 1515 etiam
744 1453 846 1514 minis
867 1463 901 1514 et
922 1453 1058 1531 injuriis
1077 1450 1090 1489 ⁶
1109 1470 1129 1513 a
1148 1469 1184 1513 se
1205 1451 1469 1513 absterrendum
1494 1460 1506 1488 ·’
1532 1447 1685 1528 putavit,

540 1552 687 1616 inferens
717 1553 858 1616 instanti
896 1556 960 1616 hoc
994 1554 1170 1634 negotium
1203 1571 1271 1614 non
1306 1555 1381 1627 ejus
1414 1553 1579 1632 temporis
1610 1567 1688 1612 esse
1734 1567 1746 1617 5

541 1673 633 1717 nunc
651 1655 677 1726 d,
700 1672 767 1716 non
789 1673 850 1717 sue
873 1654 1012 1717 utilitati
1034 1654 1217 1717 convenire
1239 1654 1473 1716 monachicam
1500 1669 1691 1734 congrega·

542 1755 672 1817 tionem
686 1755 867 1834 disponere
882 1762 916 1816 et
932 1754 1092 1816 militiam
1107 1753 1161 1816 sui
1173 1753 1367 1815 ducaminis
1384 1761 1604 1834 postponere;
1616 1769 1691 1833 que

541 1856 590 1918 illi
611 1865 708 1936 pater
726 1857 879 1919 curanda
900 1856 1122 1918 commiserat
1144 1857 1228 1917 bene
1247 1863 1394 1926 curaret,
1412 1854 1552 1917 alterius
1572 1855 1692 1916 inten-

541 1959 643 2019 tionis
658 1975 778 2019 curam
793 1975 828 2018 se
844 1957 995 2020 actitare.
1010 1956 1129 2019 Talem
1142 1966 1284 2036 tamque
1298 1956 1449 2018 subitam
1463 1973 1581 2017 rerum
1593 1972 1693 2017 com·

542 2059 770 2120 mutationem
794 2058 899 2119 abbas
925 2059 1113 2137 obstupuit,
1139 2069 1171 2119 et
1194 2057 1291 2138 quasi
1315 2065 1510 2119 monstrum
1534 2055 1581 2118 sic
1606 2072 1626 2117 a
1650 2075 1691 2120 se
1724 2077 1755 2113 ιο

541 2158 718 2220 diversum
740 2158 939 2240 indignatus
959 2159 1150 2221 exhorruit.
1172 2159 1220 2219 Ne
1241 2168 1357 2219 tamen
1381 2158 1548 2237 perhanc
1569 2158 1692 2237 repul·

543 2276 618 2320 sam
634 2258 808 2321 videretur
824 2259 983 2324 defecisse
998 2277 1017 2320 a
1035 2258 1201 2337 promissa
1216 2258 1284 2320 fide
1302 2259 1481 2334 servanda,
1501 2258 1694 2320 Heribran·

543 2360 628 2421 dum
644 2361 813 2421 seniorem
836 2368 1034 2440 ceterosque
1057 2377 1155 2439 pares
1174 2360 1288 2433 castri,
1305 2377 1392 2441 quos
1407 2357 1542 2422 fidelius
1559 2360 1693 2421 ducem

543 2459 686 2522 coluisse
712 2461 928 2533 meminerat,
951 2458 1183 2539 interpellavit
1205 2468 1250 2531 et,
1275 2468 1314 2522 ut
1339 2477 1455 2522 secum
1481 2462 1523 2522 de
1548 2459 1695 2542 negotio

544 2560 653 2640 patris
668 2557 893 2622 Godefridum
910 2559 1252 2633 adratiocinarentur,
1269 2577 1327 2621 eos
1341 2561 1517 2624 conduxit.
1536 2561 1595 2623 llle
1611 2570 1694 2623 tan·
1729 2583 1756 2633 ις

545 2661 623 2721 dem
644 2661 775 2739 pudore
796 2660 981 2734 convictus,
999 2660 1176 2738 respondit
1193 2659 1420 2739 possessiones
1434 2662 1692 2739 denominatas,

545 2778 632 2842 quas
645 2761 771 2823 milites
782 2762 836 2822 sui
849 2761 1089 2840 stipendiarias
1101 2762 1274 2835 tenebant,
1287 2780 1322 2823 se
1335 2779 1395 2823 nec
1407 2762 1504 2837 velle,
1518 2780 1579 2825 nec
1591 2781 1696 2843 posse

544 2861 747 2923 subtrahere
760 2862 967 2933 tenentibus,
980 2862 1198 2923 Astinetum‘
1210 2863 1219 2888 ¹
1233 2880 1313 2924 vero
1324 2880 1406 2925 cum
1415 2866 1528 2926 banno
1539 2876 1574 2927 et
1583 2867 1695 2929 comi·

546 2969 619 3023 tatu
645 2971 679 3022 et
705 2961 801 3022 omni
824 2959 954 3022 familia
982 2973 1017 3023 et
1040 2973 1177 3042 questu,
1203 2971 1236 3024 et
1265 2964 1524 3027 denominatam
1554 2977 1696 3046 partem

544 3061 726 3137 Chevoni²,
747 3064 927 3126 bannalem
942 3082 1080 3145 quoque
1095 3055 1276 3126 cambam³
1298 3066 1555 3130 Bulloniensisf
1575 3070 1693 3151 burgi,
1727 3091 1761 3127 ιο

577 3286 604 3322 a.
622 3269 715 3321 abbati
727 3270 766 3321 A.
780 3299 813 3307 —
830 3268 853 3323 h.
873 3269 953 3320 Dans
964 3271 1002 3333 xl,
1015 3278 1043 3321 et
1056 3270 1167 3336 injuriis
1177 3274 1262 3337 repeti
1272 3273 1342 3322 deux
1349 3272 1416 3337 fois.
1434 3302 1467 3311 -
1483 3290 1507 3327 c.
1525 3273 1696 3328 absternen·

544 3356 612 3406 dum
633 3355 670 3407 A.
695 3383 725 3393 -
748 3356 774 3407 d.
794 3356 874 3405 Dans
891 3356 929 3414 A.
953 3357 1006 3407 hoc
1029 3371 1087 3407 non
1109 3358 1171 3407 eius
1192 3358 1329 3423 temporis
1351 3374 1413 3410 esse
1433 3374 1509 3411 nunc
1532 3363 1692 3430 negotium,

544 3444 647 3508 corrige
657 3443 759 3492 ensuite
771 3458 871 3492 contine
882 3443 1018 3493 ci-dcssus.
1032 3471 1065 3480 -
1082 3460 1103 3495 e.
1124 3459 1156 3493 ou
1169 3444 1319 3495 astinetum
1332 3446 1369 3495 A.
1381 3445 1446 3512 -s.
1461 3445 1639 3500 buloniensis
1651 3450 1692 3501 Α.

546 3770 617 3822 froid
630 3771 657 3822 le
671 3771 775 3831 Barbu,
789 3769 946 3836 s'explique
960 3770 1055 3820 mieux
1067 3770 1136 3821 dans
1153 3768 1179 3821 le
1195 3786 1240 3821 cas
1252 3774 1288 3821 oti
1302 3770 1329 3823 le
1339 3771 1404 3838 jour
1416 3772 1453 3822 du
1466 3771 1549 3823 decos
1560 3773 1694 3826 coincide

544 3872 612 3908 avec
624 3856 697 3908 Noel
712 3861 763 3921 (ou
777 3857 803 3908 la
816 3856 902 3907 veille
913 3856 948 3907 de
965 3855 1065 3922 Nou),
1084 3858 1204 3924 puisque
1220 3857 1313 3909 c’etait
1327 3856 1355 3908 le
1372 3866 1499 3908 moment
1515 3856 1553 3909 du
1571 3860 1695 3928 change·
1726 3880 1758 3932 25

547 3953 625 3993 ment
635 3943 671 3993 de
684 3942 844 3994 millesime.
857 3942 878 3992 ll
892 3952 934 3992 est
947 3945 961 3992 a
975 3957 1139 4009 remarquer
1150 3959 1184 3993 au
1197 3944 1311 4010 surplus
1323 3960 1378 4011 que
1390 3952 1473 3996 notre
1488 3943 1652 4013 Chronique,
1666 3947 1693 3999 si

545 4031 611 4084 bien
629 4029 767 4083 informee
791 4041 818 4082 ει
844 4031 867 4081 si
891 4032 956 4081 sllre
979 4030 1048 4081 dans
1071 4046 1115 4081 ses
1137 4030 1328 4088 affirmatione.
1351 4041 1393 4083 est
1417 4042 1547 4094 souvent,
1570 4031 1641 4085 dans
1664 4032 1695 4085 la

545 4118 635 4171 lorme
647 4120 684 4170 οὺ
697 4116 754 4169 elle
772 4132 844 4168 nous
856 4125 899 4168 est
911 4132 1063 4183 parvenue,
1075 4117 1178 4185 sujette
1190 4121 1206 4168 a
1217 4120 1340 4179 cautiori,
1353 4134 1389 4170 en
1402 4118 1518 4170 matiere
1529 4117 1565 4170 de
1576 4117 1695 4172 chilim

544 4205 815 4274 particulibrement.
830 4205 925 4272 Voyez
943 4213 1026 4255 notre
1038 4188 1127 4254 Etude
1137 4207 1259 4273 critique,
1278 4207 1357 4271 chap.
1373 4204 1425 4255 VII
1440 4219 1447 4255 ι
1465 4203 1508 4255 La
1524 4203 1695 4272 chronologi}

545 4293 619 4343 dela
639 4292 801 4359 chronique,
821 4306 859 4357 pp
886 4304 932 4357 109
944 4298 973 4341 et
986 4290 1058 4342 suiv.
1077 4289 1132 4341 Sur
1149 4291 1285 4357 quelques
1303 4291 1494 4359 temoignagcs
1511 4290 1547 4342 de
1563 4305 1691 4354 sources,
1726 4312 1761 4361 30

547 4378 772 4431 manifestement
785 4375 888 4438 lautils,
901 4385 1072 4429 concernant
1084 4377 1111 4428 le
1123 4377 1197 4443 quet
1209 4378 1256 4444 qui
1269 4392 1341 4428 nous
1352 4392 1468 4443 occupe,
1481 4391 1571 4444 voyee
1584 4376 1695 4431 Dutcx·

547 4477 640 4524 naun,
663 4480 738 4514 ouur.
758 4465 817 4517 citt,
840 4478 867 4527 p.
890 4476 898 4511 ι
904 4475 928 4524 3,
945 4470 974 4512 ει
992 4460 1101 4512 iterra
1119 4474 1177 4512 rou
1195 4460 1332 4523 Knosnu,
1349 4479 1425 4516 ouer.
1440 4464 1499 4519 citt,
1515 4472 1536 4514 t.
1550 4461 1574 4528 1,
1587 4479 1616 4531 p.
1630 4464 1693 4532 637,

547 4557 614 4602 note
627 4550 667 4613 78.

582 4641 589 4669 ¹
610 4633 753 4693 Assenois,
768 4632 948 4699 de'pendance
960 4633 1107 4702 d’Oliagne
1123 4634 1349 4702 (Luxembourg,
1363 4633 1584 4703 Neuschateau).

580 4717 749 4780 Ι(Ξίιόιιιιε,
767 4732 918 4770 commune
935 4719 972 4770 du
991 4719 1187 4786 departement
1205 4719 1255 4770 des
1270 4720 1427 4782 Ardennes,
1448 4721 1694 4777 attondisoement
1727 4743 1760 4795 35

546 4803 582 4856 de
594 4803 695 4857 Sedan.

580 4898 591 4938 ³
609 4890 650 4942 La
661 4891 799 4943 bmsserie
811 4890 918 4944 banale.
