4450 6125
536 813 590 896 60
749 816 1060 899 Cantatoriam
1089 825 1182 901 sive
1218 816 1468 900 Chronieon

537 1114 659 1185 dicere,
678 1132 741 1194 pro
762 1117 826 1176 hoc
847 1116 921 1196 ipso
942 1127 1057 1179 tamen
1080 1114 1415 1179 submurmurabant
1434 1113 1525 1174 inter
1544 1131 1579 1175 se
1597 1129 1679 1176 cum

538 1213 689 1274 maxima
708 1212 952 1294 indignatione.
971 1215 1085 1278 Sensit
1102 1217 1207 1279 abbas
1226 1216 1350 1276 ducem
1365 1211 1492 1275 frustra
1509 1213 1572 1275 niti
1587 1215 1679 1295 quod

537 1314 748 1388 intendebat,
761 1331 841 1376 cum
853 1315 1058 1400 intelligeret
1073 1313 1437 1380 submurmurantium
1451 1314 1679 1395 calumpnias,

539 1413 719 1494 presertim
740 1432 819 1476 cum
838 1434 878 1478 ex
899 1416 971 1496 ipsa
991 1415 1052 1478 filii
1071 1419 1146 1497 ejus
1164 1417 1315 1497 quadam
1330 1414 1531 1477 adversione
1545 1425 1682 1480 notaret

539 1533 617 1595 erga
640 1525 773 1594 patrem
795 1520 863 1594 jam
887 1519 954 1579 lese
976 1519 1112 1598 pietatis
1130 1518 1334 1597 imaginem;
1359 1516 1450 1577 unde
1469 1523 1503 1576 et
1518 1526 1681 1580 cunctan-
1724 1534 1736 1584 5

540 1617 613 1677 do‘
640 1616 774 1699 longius
799 1619 966 1681 absistens
991 1619 1168 1700 respondit
1194 1618 1289 1690 duci,
1316 1617 1407 1698 quod
1435 1617 1624 1697 rogabatur
1648 1635 1683 1681 se

540 1715 661 1798 exequi
688 1733 756 1777 non
781 1735 889 1796 posse,
913 1719 1023 1781 alium
1048 1719 1163 1799 potius
1188 1724 1348 1800 quereret
1371 1734 1476 1796 quem
1502 1717 1592 1779 votis
1611 1718 1685 1781 suis

541 1817 767 1896 procurandis
792 1819 1024 1884 substitueret.
1056 1821 1123 1882 Nec
1152 1818 1280 1882 latuit⁶
1305 1820 1427 1881 ducem
1455 1819 1548 1898 quod
1578 1821 1686 1883 abbas

541 1920 690 1991 timeret,
713 1929 746 1981 et
768 1919 953 1983 inclamato
974 1919 1045 1983 filio
1066 1940 1145 1983 cum
1166 1920 1398 1983 amaritudine
1418 1919 1543 1998 objecit
1560 1919 1603 1992 ei,
1623 1937 1686 1983 cur

544 2030 616 2079 tam
636 2016 858 2096 impudenter
876 2037 957 2102 erga
975 2039 1010 2083 se
1026 2021 1169 2083 violaret
1184 2019 1258 2098 jura
1274 2028 1408 2093 nature,
1426 2037 1489 2081 cur
1503 2021 1589 2082 adeo
1608 2037 1686 2100 pro-
1715 2043 1743 2079 ιο

545 2118 687 2181 didisset
711 2136 746 2180 se
774 2119 1016 2198 degenerasse,
1030 2134 1067 2184 ut
1093 2121 1194 2183 saluti
1220 2129 1360 2201 paterne
1383 2119 1542 2182 deficeret
1565 2121 1600 2183 in
1624 2125 1688 2188 hac

547 2236 708 2300 suprema
726 2219 934 2296 necessitate,
956 2239 1023 2283 non
1045 2223 1167 2284 debere
1187 2240 1269 2284 eum
1290 2222 1431 2301 predam
1452 2239 1563 2301 pauca
1580 2220 1689 2287 facere

546 2321 684 2384 sceleris
707 2320 771 2395 sui,
794 2321 880 2383 illac
908 2340 975 2403 que
1000 2307 1200 2385 destinabat
1218 2320 1446 2401 redemptioni
1472 2322 1589 2385 anime
1613 2343 1687 2402 sue,

546 2441 625 2487 cum
645 2423 675 2484 ei
695 2423 845 2502 plurima
861 2424 1071 2506 relinqueret
1087 2433 1204 2502 parata
1220 2442 1283 2486 suo
1298 2424 1423 2486 labore.
1450 2423 1690 2504 Respondente

547 2521 618 2585 filio
641 2523 677 2584 in
704 2523 798 2584 nullo
822 2539 857 2584 se
882 2521 1085 2586 defuturum
1107 2525 1180 2602 ejus
1202 2523 1396 2585 voluntati:
1418 2525 1552 2598 Accede,
1575 2525 1691 2608 inquit
1718 2544 1744 2595 ις

548 2635 656 2704 pater,
680 2627 773 2685 etde
795 2625 944 2686 osculum
969 2626 1054 2686 mihi
1075 2627 1110 2686 in
1132 2626 1319 2686 conditione
1339 2627 1496 2686 servande
1519 2626 1620 2703 hujus
1636 2633 1691 2690 tue

548 2723 626 2796 fidei
640 2732 670 2786 et
683 2726 927 2802 promissionis,
943 2727 1136 2801 interposito
1152 2731 1341 2788 testamento
1355 2727 1419 2787 vite
1433 2730 1486 2787 tue
1499 2732 1530 2787 et
1541 2728 1689 2792 honorat.

550 2825 607 2888 Sic
632 2827 737 2889 abbas
761 2827 890 2889 iterum
913 2827 1111 2909 iterumque
1137 2829 1343 2891 reclamatus
1363 2830 1406 2889 ab
1431 2840 1589 2910 utroque,
1611 2846 1692 2892 cum

551 2945 669 2989 veram
690 2945 761 2990 esse
784 2928 934 2991 crederet
955 2947 1062 3010 quam
1084 2930 1218 2991 viderat
1232 2941 1267 2991 et
1280 2930 1438 2991 audierat
1451 2929 1542 2991 inter
1557 2939 1693 3010 patrem

550 3041 582 3093 et
606 3027 718 3091 filium
740 3038 876 3109 pactam
896 3031 1127 3110 sponsionem,
1151 3033 1220 3106 jam
1236 3047 1304 3093 non
1320 3029 1490 3093 dubitavit
1505 3030 1693 3095 inclaman·
1719 3046 1749 3086 2⁰

551 3131 809 3203 tibusdadesse
828 3150 870 3193 ne
884 3132 1059 3196 videretur
1073 3132 1224 3195 fructum
1244 3132 1431 3212 penitentie
1450 3134 1639 3213 peccatoris
1651 3137 1694 3198 de

550 3251 585 3296 se
595 3235 810 3304 confidentis.
824 3234 1043 3316 quantumin
1057 3252 1091 3296 se
1103 3245 1202 3308 esset,
1216 3235 1332 3315 aliquo
1345 3234 1448 3311 modo
1459 3232 1696 3300 defraudasse:

550 3346 584 3396 et
604 3335 747 3415 propius
765 3336 940 3398 accedenti
958 3357 963 3393 :
982 3336 1169 3397 Kerisse'me
1189 3340 1291 3410 pater,
1309 3336 1380 3397 dux
1401 3334 1525 3415 inquit,
1540 3355 1600 3411 per
1613 3338 1698 3400 hanc

551 3454 693 3510 capsam,
718 3446 752 3496 et
774 3436 802 3496 ei
826 3437 976 3515 porrexit
996 3436 1104 3506 iilam,
1127 3436 1296 3497 committo
1310 3435 1370 3496 tibi
1393 3435 1493 3515 hujus
1516 3455 1583 3497 mee
1603 3439 1699 3500 devo·

553 3734 668 3782 derrie'rc
683 3732 721 3783 l'h
736 3732 799 3783 d'un
812 3740 899 3789 autre,
911 3730 1060 3799 c'quivalcnt
1075 3732 1091 3779 α
1103 3744 1135 3780 er
1145 3745 1179 3779 ou
1194 3728 1244 3788 ab;
1262 3727 1298 3778 les
1309 3728 1379 3777 deux
1390 3726 1478 3778 lettres
1484 3726 1586 3792 finales
1597 3743 1629 3780 ra
1638 3737 1700 3780 sont
1728 3741 1759 3794 25

553 3818 699 3867 retouclrtes
718 3835 727 3865 .·
745 3816 769 3866 le
785 3816 867 3867 scribe
883 3834 909 3872 α,
932 3814 1090 3871 serrula-til,
1113 3816 1179 3864 ecrit
1198 3812 1305 3864 d’abord
1324 3814 1475 3875 retrahere,
1494 3812 1563 3881 qu'il
1578 3831 1596 3865 α
1618 3816 1701 3868 mla

554 3905 655 3952 ensuite
674 3905 791 3969 corriger
809 3920 841 3953 en
863 3903 1016 3953 ratrahenti
1041 3901 1105 3966 (lire
1126 3900 1306 3967 retrahenti).
1327 3899 1369 3950 La
1389 3899 1460 3960 lacon
1483 3902 1638 3954 retrahenti
1662 3913 1702 3956 est

555 3990 639 4038 suivic
649 4006 700 4054 par
711 3990 734 4039 A
741 4020 750 4046 2
763 3997 788 4038 et
798 3988 939 4044 Rohautc:
955 3988 1113 4039 ratihabere
1129 3987 1186 4038 l'est
1194 4004 1247 4053 ραν
1258 3988 1283 4038 Α
1290 4017 1297 4045 1
1309 3995 1334 4037 et
1344 3988 1395 4053 Ap
1409 3989 1483 4037 ainsi
1491 4004 1543 4054 que
1554 4004 1609 4055 ραν
1621 3989 1703 4044 Μαν-

556 4079 613 4126 tc'nc
623 4083 647 4125 ct
659 4073 781 4126 Durand
789 4083 815 4127 et
823 4093 876 4141 ραν
891 4074 923 4126 G.
937 4074 1039 4133 Kurtlr,
1053 4077 1100 4143 qui
1109 4074 1216 4141 supplic
1225 4074 1336 4142 jubenti
1346 4090 1398 4139 ραν
1410 4076 1568 4138 conjecture.

589 4181 614 4214 α.
635 4163 715 4214 Dans
731 4164 769 4226 A,
782 4162 809 4214 la
826 4162 897 4224 lacon
915 4170 953 4214 est
969 4162 1085 4229 confuse,
1103 4162 1140 4213 les
1156 4163 1226 4213 deret·
1240 4163 1372 4231 prernr'ers
1382 4160 1520 4229 jambages
1535 4167 1659 4232 ponam
1676 4182 1705 4219 se
1732 4177 1760 4227 3<

555 4252 606 4302 lire
624 4251 849 4318 indifferemmenr
861 4252 895 4311 ci,
910 4250 931 4301 ti
943 4267 976 4301 ou
988 4266 1013 4310 a,
1023 4257 1047 4301 ct
1059 4249 1082 4300 le
1093 4258 1160 4300 reste
1171 4250 1206 4300 du
1219 4257 1272 4300 mot
1284 4248 1375 4317 (qu’on
1382 4253 1449 4318 peut
1459 4248 1511 4299 lire
1522 4249 1657 4302 metando
1667 4268 1704 4303 ou

559 4337 703 4404 metando)
723 4345 819 4387 venant
839 4340 854 4386 ὰ
874 4339 901 4387 la
921 4336 993 4402 ligne
1011 4338 1134 4387 suivante
1152 4353 1162 4385 .·
1180 4335 1207 4386 la
1229 4335 1300 4396 lacon
1320 4335 1488 4397 cunctaud0,
1507 4352 1556 4403 que
1575 4334 1600 4385 le
1618 4337 1707 4389 sm'be

558 4424 608 4475 d'A
629 4441 699 4475 aura
716 4424 945 4474 maladror'tcment
961 4427 1057 4489 coupbe
1074 4439 1105 4472 en
1123 4423 1201 4481 deux,
1215 4421 1566 4489 estsuivr'eparA1ctA3;
1585 4421 1614 4472 la
1631 4421 1707 4485 lesora

559 4510 708 4561 ametando
719 4517 756 4559 est
767 4511 852 4559 sur'vr'c
866 4513 919 4576 ραν
930 4508 969 4567 A,
986 4517 1010 4558 et
1028 4514 1081 4577 ραν
1098 4508 1135 4558 les
1151 4508 1266 4558 editcurs
1282 4507 1324 4557 des
1341 4505 1457 4562 MGH.,
1477 4505 1586 4574 lcsqucls
1600 4515 1708 4560 senua!

560 4595 583 4644 le
592 4593 675 4645 hesbin
685 4596 715 4645 dc
723 4604 750 4645 ta
756 4595 877 4660 justifier
883 4600 939 4663 ραν
950 4602 1013 4645 cette
1025 4603 1101 4648 note:
1116 4593 1273 4645 recedendo
1284 4592 1363 4661 quasi
1375 4609 1390 4644 a
1403 4601 1486 4645 meta.
1498 4620 1529 4630 -
1538 4591 1563 4644 b.
1572 4592 1656 4645 Dans
1664 4595 1707 4661 A,
1738 4608 1760 4661 31

560 4684 637 4747 apris
658 4680 750 4742 latuit,
771 4681 910 4742 abbatem,
932 4685 1075 4747 exponeret
1096 4682 1207 4733 ensuite.
1226 4708 1260 4718 -
1279 4696 1302 4730 c.
1322 4679 1402 4730 Dans
1419 4679 1458 4742 A,
1477 4679 1592 4745 predam
1613 4678 1709 4735 tacere

562 4769 675 4821 sceleris
692 4770 734 4820 sui
753 4785 839 4835 pauca
857 4769 903 4820 illa
921 4770 1022 4835 corrige
1038 4786 1070 4819 en
1091 4768 1206 4835 predam
1228 4783 1315 4834 pauca
1336 4765 1424 4819 facere
1445 4765 1559 4818 sceleris
1579 4767 1624 4819 sui
1644 4767 1708 4822 illa.

562 4888 593 4896 -
607 4858 624 4906 d
647 4856 726 4907 Dans
738 4858 774 4913 A,
788 4858 925 4907 cru-dessus
937 4857 967 4906 de
978 4855 1236 4923 in(clamantibus)‚
1250 4852 1371 4905 velcon.
