4450 6125
554 817 636 903 208
757 821 1069 904 cantatorium
1098 825 1191 901 siae
1225 819 1475 904 chronicon

551 1120 631 1180 dam
654 1119 719 1181 sub
740 1119 959 1180 anathemate
981 1117 1170 1179 interdixit.
1196 1117 1243 1179 Ex
1266 1115 1372 1195 hujus
1393 1118 1512 1198 rapine
1538 1117 1697 1201 reliquiis

551 1218 726 1299 predictus
760 1219 965 1280 lambertus
1000 1235 1104 1279 unam
1144 1235 1297 1279 marcam
1332 1224 1366 1279 et
1400 1217 1587 1280 dimidiam
1618 1218 1695 1281 auri

550 1320 698 1401 collegit.
715 1329 749 1380 et
764 1318 928 1380 allodium
945 1320 987 1380 de
1004 1318 1079 1379 Felc
1092 1318 1114 1392 ¹,
1138 1319 1229 1399 quod
1246 1330 1296 1380 est
1312 1336 1419 1399 prope
1435 1319 1623 1382 Nasaniam
1634 1331 1662 1388 ⁶.
1678 1337 1697 1382 a

551 1423 688 1484 Conone
710 1420 845 1492 comite,
862 1420 921 1500 qui
945 1437 1024 1480 cum
1048 1419 1133 1480 duce
1150 1418 1411 1482 llierosolimam
1433 1420 1517 1492 ibat,
1534 1428 1697 1502 presente

552 1522 687 1583 Bovone
719 1521 761 1581 de
791 1519 960 1581 Wahart²
992 1533 1025 1579 et
1054 1517 1206 1579 waltero
1237 1519 1280 1579 de
1308 1519 1454 1582 Ambluz
1468 1509 1491 1596 ³,
1520 1520 1695 1584 donatum
1737 1542 1749 1594 s

548 1621 689 1684 ecclesie
716 1620 928 1699 comparavit
942 1622 965 1679 ⁴.
994 1620 1061 1681 Nec
1089 1620 1200 1680 multo
1226 1630 1302 1699 post
1326 1620 1398 1682 dux
1425 1620 1695 1685 Hierosolimam

549 1724 687 1799 vadens,
725 1722 848 1783 ludum
885 1739 994 1782 unum
1030 1719 1327 1782 christallinarum
1362 1714 1559 1784 alearum⁵
1595 1724 1696 1787 nobis

548 1826 798 1894 transmittens,
823 1824 951 1884 multos
976 1839 1092 1883 secum
1121 1821 1250 1885 nobiles
1274 1834 1308 1884 et
1333 1823 1508 1906 religiosos
1532 1825 1694 1890 abduxit.

548 1926 706 2003 Quorum
735 1922 940 1985 detensionis
964 1923 1105 1997 intuitu,
1133 1922 1311 1986 insectatio
1339 1923 1474 1987 Otberti
1500 1935 1695 2008 utcumque

548 2027 729 2089 videbatur
744 2023 931 2087 tolerabilis
946 2023 1155 2085 Theoderico
1173 2023 1449 2107 abbati3'quibus
1467 2026 1693 2102 abeuntibus,
1724 2047 1752 2084 ιο

548 2128 651 2207 longo
679 2137 712 2187 et
741 2126 837 2207 gravi
866 2125 957 2185 tedio
985 2123 1137 2199 affectus,
1163 2141 1242 2186 cum
1271 2143 1306 2187 se
1335 2137 1493 2207 pensaret
1517 2128 1693 2210 imparem

549 2225 755 2305 perferendis
784 2234 834 2287 tot
862 2242 980 2286 rerum
1008 2224 1143 2286 casibus
1156 2223 1180 2299 ὃ,
1209 2226 1337 2289 nemini
1363 2228 1455 2308 quod
1485 2241 1696 2311 conceperat

547 2328 696 2402 edicens,
727 2327 823 2408 quasi
858 2344 953 2388 more
986 2328 1087 2389 solito
1119 2329 1161 2388 ad
1193 2340 1331 2409 tempus
1359 2329 1467 2392 exiret
1497 2331 1694 2394 valedicens

547 2427 723 2503 iratribus,
739 2430 780 2489 ad
798 2428 964 2490 Sanctum
989 2428 1187 2509 Remigium
1207 2429 1305 2491 Remi
1327 2448 1362 2492 se
1383 2430 1542 2504 eontulit,
1558 2430 1692 2495 ibidem

547 2540 758 2592 moraturus.
783 2528 882 2605 Quod
902 2546 981 2589 cum
997 2530 1088 2608 apud
1105 2547 1140 2590 se
1156 2531 1368 2602 destinasset,
1385 2530 1468 2612 quia
1483 2532 1578 2594 idem
1594 2532 1693 2598 locus
1722 2551 1749 2603 ις

545 2630 757 2709 amplissime
772 2629 950 2711 dignitatis
970 2640 1004 2690 et
1027 2630 1177 2691 maxime
1197 2630 1373 2694 videretur
1388 2633 1590 2707 honestatis,
1608 2643 1693 2697 tunc

548 2733 658 2806 magis
683 2733 746 2793 hoc
771 2730 847 2791 ideo
871 2729 1052 2802 affectavit,
1075 2730 1156 2812 quia
1180 2732 1347 2794 didicerat
1370 2731 1501 2794 ibidem
1526 2734 1691 2797 abbatem

544 2833 731 2914 quemdam
754 2831 954 2893 ordinatum
980 2832 1169 2894 Robertum
1187 2821 1210 2904 ⁶,
1236 2832 1375 2913 Maioris
1397 2833 1545 2897 Ecclesie
1568 2852 1691 2898 mona·

545 2934 662 3007 chum,
686 2951 789 3014 quem
813 2951 852 2993 ex
876 2933 986 2995 edicto
1008 2945 1020 2971 ⁶
1043 2933 1172 2995 Urbani
1195 2951 1282 3013 pape
1303 2932 1492 3014 expetierat
1514 2933 1691 2999 Manasses

575 3192 601 3224 a.
621 3173 746 3225 Rodaula·
757 3176 787 3224 dc
799 3174 913 3242 Satrium
924 3175 964 3236 lit,
978 3192 1040 3225 sans
1052 3177 1153 3235 raison,
1168 3173 1331 3237 Masaniam,
1341 3180 1412 3244 pour
1426 3178 1515 3243 Meyer
1529 3191 1577 3226 son
1594 3176 1690 3228 wati-
1716 3192 1747 3231 ιο

534 3262 658 3326 ficalinn,
671 3262 808 3313 d'ailleurs
824 3262 1012 3323 irradiarissr'ilr,
1027 3264 1057 3312 dc
1069 3261 1133 3312 Frlc
1148 3279 1210 3312 arec
1225 3261 1326 3319 Fclon,·
1338 3278 1393 3330 aoy.
1405 3262 1559 3326 cidessm,
1572 3278 1602 3315 n.
1615 3276 1643 3317 1.
1660 3292 1688 3303 -

542 3347 565 3400 d.
584 3348 665 3400 Dans
676 3351 713 3412 A,
727 3367 759 3399 an
772 3350 804 3401 lit
815 3349 925 3401 casibus
939 3365 1031 3400 rerum
1045 3366 1114 3399 corr.
1129 3367 1160 3399 en
1175 3366 1197 3402 r.
1211 3364 1235 3401 c.
1254 3378 1286 3387 —
1298 3366 1322 3401 c.
1334 3349 1413 3402 dicto
1423 3349 1461 3402 A.

577 3683 584 3710 ¹
604 3696 618 3723 ι
637 3676 768 3727 Robaulx
789 3677 825 3728 de
845 3676 981 3745 Soumoy,
1004 3679 1075 3727 suivi
1098 3693 1148 3743 par
1164 3677 1279 3740 ΜΘΗ..
1297 3679 1402 3730 traduit
1422 3677 1487 3730 Felc
1506 3694 1559 3747 par
1579 3678 1687 3734 Feloa-

544 3762 641 3814 liuzin.
672 3762 746 3814 C'est
772 3778 826 3813 une
848 3778 956 3814 erreur.
988 3762 1044 3814 Des
1071 3765 1143 3826 1184,
1167 3762 1231 3815 Fclc
1256 3766 1381 3831 apparalt
1404 3764 1474 3817 dans
1497 3763 1524 3817 la
1548 3765 1629 3819 bulle
1650 3767 1686 3819 tle

543 3848 646 3900 Lucius
661 3849 711 3909 lll,
725 3865 791 3900 sous
809 3850 833 3900 la
850 3849 939 3902 forme
955 3849 1053 3911 Fenus,
1073 3852 1142 3902 mais
1158 3866 1195 3902 nn
1213 3867 1248 3903 ne
1266 3860 1399 3903 retrouve
1415 3867 1465 3919 pas
1479 3866 1513 3904 ee
1528 3866 1597 3905 nom
1614 3854 1685 3907 dam
1711 3872 1739 3926 ⁸5

541 3935 581 3986 les
597 3938 730 3987 enviruns
746 3937 781 3987 de
793 3935 947 4003 Nassogne.
963 3956 975 3983 s
990 3937 1065 3989 Note
1077 3938 1113 3990 de
1125 3937 1161 3990 G.
1177 3937 1295 3999 Kurra,
1307 3955 1384 3989 ouvr.
1396 3940 1455 4001 eiu,
1469 3946 1490 3992 t.
1504 3937 1528 4001 1,
1542 3952 1569 4007 p.
1583 3940 1627 3992 86.

574 4031 584 4058 ¹
602 4023 690 4074 ll'aha
703 4023 929 4087 (luxembourg,
944 4023 1084 4090 blarche).

572 4118 583 4157 ³
602 4111 707 4178 Ambit·
721 4110 855 4173 (Natxxur,
871 4109 984 4172 Dinant,
999 4111 1178 4176 Rochelort).

572 4208 583 4243 ⁴
601 4197 655 4250 Sur
671 4208 745 4249 cette
764 4210 846 4249 rente
862 4215 898 4248 ou
918 4198 1009 4264 pluttlt
1026 4215 1075 4249 sur
1090 4199 1248 4267 l'engagere
1264 4199 1299 4250 de
1313 4198 1383 4261 Felc,
1396 4214 1462 4268 roy.
1476 4199 1503 4252 la
1517 4197 1684 4271 chronique,

538 4284 701 4340 cidessuus.
715 4301 739 4336 c.
754 4287 785 4349 ‚0⁸
799 4286 888 4349 (130).
1710 4302 1739 4355 po

572 4378 580 4414 ⁵
601 4371 750 4422 ltunrxxx»
772 4372 909 4427 llxxrtxt,
932 4389 979 4421 ine.
1002 4374 1059 4427 riri,
1082 4388 1109 4438 p.
1134 4386 1191 4435 339.
1214 4372 1320 4423 traduit
1342 4389 1349 4424 :
1372 4388 1409 4424 un
1428 4373 1476 4440 jeu
1496 4372 1629 4427 deenen
1647 4390 1683 4429 en

538 4459 641 4508 cristal.
656 4460 762 4509 (lintre
775 4475 839 4508 sens
851 4459 973 4524 complet
990 4477 994 4509 :
1015 4458 1032 4508 il
1050 4460 1127 4522 s'agit
1146 4459 1210 4509 tl'un
1228 4459 1274 4524 jeu
1290 4458 1326 4510 de
1341 4458 1400 4511 des.
1415 4458 1461 4512 On
1478 4460 1531 4511 salt
1549 4462 1683 4516 bombica

539 4544 578 4593 les
599 4561 666 4607 gens
687 4546 721 4595 dt·
741 4546 869 4612 l'epuqut·
890 4561 923 4595 en
946 4546 1048 4596 etaient
1072 4544 1191 4599 irlands:
1215 4561 1279 4612 roy.
1298 4548 1313 4596 a
1329 4561 1361 4597 ce
1378 4545 1451 4613 sujet
1468 4544 1625 4607 Gattt'tu,
1641 4546 1684 4601 La

540 4629 701 4689 (ῘΙιτιαΙυ-ιι,
716 4647 742 4696 p,
758 4638 815 4683 llio,

569 4720 581 4751 ὑ
601 4716 717 4775 linburt,
733 4720 826 4767 tunim-
838 4719 873 4767 tlt·
888 4717 1245 4776 llarxmtutier-lez-l'ours,
1260 4716 1301 4769 lut
1313 4717 1359 4769 elu
1372 4716 1443 4770 abbe
1454 4717 1490 4770 de
1501 4715 1681 4773 Seirai-Rani
1709 4742 1737 4795 35

535 4804 569 4855 de
589 4804 685 4855 ltetnn
705 4822 740 4855 rn
762 4806 979 4871 remplaeement
998 4805 1129 4865 d'Henri,
1150 4814 1222 4855 mort
1244 4821 1280 4856 en
1304 4818 1366 4871 1095
1386 4803 1423 4869 (le
1444 4803 1473 4856 16
1491 4804 1592 4873 marah
1612 4820 1680 4876 my.

537 4891 626 4943 Gallia
642 4892 807 4947 Christiana,
824 4904 843 4944 t.
859 4892 907 4953 lx,
921 4893 975 4945 col.
991 4907 1047 4956 230.
1067 4893 1107 4942 (Te
1128 4892 1241 4952 Rtxbert,
1260 4892 1330 4944 ainsi
1349 4906 1404 4960 que
1421 4890 1449 4943 le
1465 4900 1582 4945 mie
1593 4902 1680 4947 min
