4450 6125
843 875 999 957 Sancti
1027 873 1240 959 Hubertt’.
1530 868 1610 977 245

472 1175 630 1257 utrisque
657 1175 750 1254 apud
780 1174 999 1237 Duciacum¹
1028 1175 1185 1237 condicta
1216 1176 1271 1236 die
1305 1174 1408 1247 huius
1438 1174 1611 1257 colloquii,

472 1275 640 1339 Otbertus
653 1271 813 1336 affectans
827 1272 935 1335 videri
951 1273 1030 1356 quis
1044 1281 1144 1351 esset,
1161 1273 1214 1335 rel
1227 1273 1311 1355 quid
1334 1283 1457 1355 posset,
1474 1276 1614 1339 abbates

472 1387 508 1441 ct
524 1374 784 1439 archidiaconos
808 1391 888 1436 suos
914 1385 950 1437 et
972 1391 1127 1455 quosque
1153 1375 1362 1455 potentiores
1385 1375 1547 1456 episcopii
1571 1394 1612 1439 ex

472 1477 585 1541 edicto
613 1474 810 1554 assumpsit,
843 1484 877 1537 et
906 1475 1163 1556 archiepiscopo
1192 1475 1239 1536 nil
1269 1476 1336 1538 tale
1365 1477 1501 1540 curanti
1533 1479 1615 1541 satis

431 1600 445 1652 ς
474 1595 664 1661 pomposus
698 1575 838 1638 occurit.
878 1574 914 1637 ln
949 1574 1031 1637 ieria
1059 1585 1177 1639 autem
1206 1576 1354 1638 secunda
1382 1578 1614 1659 rogationum,

473 1687 591 1742 exacto
601 1678 722 1741 eodem
734 1677 915 1757 colloquio,
929 1686 1042 1758 preter
1052 1676 1211 1739 effectum
1223 1676 1382 1741 frustrate
1394 1680 1582 1761 questionis
1590 1682 1614 1758 ⁸,

475 1776 713 1859 unusquisque
732 1776 775 1837 ad
792 1776 1020 1838 diversorium
1042 1777 1134 1858 quod
1154 1776 1217 1839 sibi
1240 1779 1397 1858 sperabat
1412 1778 1615 1845 familiarius

474 1876 670 1943 festinabat:
687 1878 828 1959 cogebat
842 1877 936 1939 enim
951 1895 1008 1939 eos
1022 1876 1122 1939 solito
1138 1877 1323 1941 ferventior
1333 1887 1436 1954 estas;
1454 1881 1615 1947 Wiredus

472 1994 589 2041 secum
613 1975 752 2039 reduxit
775 1976 977 2039 teodienses
996 1977 1136 2039 abbates
1157 1978 1389 2061 Berengerum
1414 1992 1447 2042 et
1469 1979 1615 2061 Stepha-

418 2102 449 2140 ιο
475 2097 574 2150 num,
611 2079 749 2159 jamque
782 2076 846 2138 sibi
883 2076 1055 2139 mitiorem
1088 2079 1286 2141 Brunonem
1313 2081 1614 2156 archidianonunt;

473 2181 661 2263 aliquando
675 2179 770 2241 enim
786 2179 987 2240 moderatur
1002 2191 1017 2217 ⁶
1032 2188 1196 2259 tempore,
1213 2181 1304 2262 quod
1319 2183 1361 2242 ad
1385 2192 1525 2262 tempus
1546 2200 1615 2245 non

473 2289 586 2362 potest
609 2279 779 2341 moderari
800 2276 943 2339 ratione.
962 2276 1041 2354 Quo
1057 2277 1144 2340 dum
1163 2280 1378 2342 habundanti
1399 2280 1613 2359 liberalitate,

471 2379 682 2442 dominicam
712 2376 991 2440 ascensionem*
1025 2379 1263 2453 celebrassent,
1300 2396 1414 2440 coram
1454 2381 1616 2461 predictis

473 2479 656 2544 abbatibus
675 2479 809 2540 vexatio
830 2496 935 2561 quam
956 2477 1120 2540 inferebat
1139 2479 1279 2541 ecclesie
1296 2479 1469 2542 Brunoni‘
1484 2480 1615 2558 objecta

419 2603 446 2656 ις
473 2591 535 2643 est.
561 2581 707 2642 Abbates
731 2579 831 2641 illum
858 2578 1021 2660 privatim
1046 2579 1286 2642 convenientes
1310 2589 1343 2643 et
1367 2580 1489 2643 leniter
1511 2582 1617 2644 incre·

474 2692 612 2764 pantes,
645 2679 876 2744 defensionem
908 2682 1012 2742 etiam
1044 2680 1260 2743 auctoritatis
1292 2682 1474 2762 apostolice
1503 2683 1616 2744 locum

472 2791 629 2845 tuentem
668 2781 859 2862 specialiter
898 2780 1034 2843 firmato
1071 2780 1267 2863 privilegio,
1305 2800 1347 2845 ne
1381 2783 1460 2865 quis
1493 2782 1618 2845 inierat

505 2997 532 3030 a.
553 2979 685 3032 modatur
702 2981 739 3032 Α.
760 3008 791 3019 -
812 2979 834 3030 l.
853 2982 1060 3033 asscensionem
1079 2982 1117 3032 Α.
1139 3011 1170 3019 -
1190 2999 1214 3035 c.
1234 2980 1314 3032 Dans
1331 2983 1368 3037 A.
1390 2999 1422 3032 on
1441 2981 1474 3033 lit
1493 2982 1616 3035 brunoni

473 3067 602 3130 ecclesie,
615 3072 717 3134 corrigi
728 3085 759 3118 en
773 3084 798 3121 e.
813 3069 839 3121 b.

1662 1591 1743 1653 rios,

1646 1657 1677 1705 ee
1691 1659 1755 1696 mat.

420 3395 451 3433 en
476 3386 558 3430 utre
578 3376 773 3443 l'archereque
794 3373 911 3425 Renaud
932 3383 959 3424 et
981 3374 1108 3441 l’ireque
1130 3373 1266 3434 Alberon,
1287 3389 1322 3424 en
1347 3386 1408 3436 ¹¹²7
1431 3388 1438 3422 τ
1461 3372 1562 3424 Notene
1584 3376 1619 3426 sit
1706 3425 1709 3431 ,

475 3465 597 3518 omnibus
615 3493 647 3502 -
665 3492 697 3501 -
716 3492 747 3500 -
765 3463 869 3530 quidet
885 3462 1010 3529 quornedo
1029 3462 1059 3511 de
1075 3460 1196 3527 beneficio
1212 3460 1352 3512 Remensis
1367 3460 1480 3516 ecclesie,
1499 3464 1569 3529 quod
1583 3464 1620 3513 ed

475 3551 624 3612 castellum,
637 3550 706 3618 quod
717 3547 828 3599 Bullion
846 3548 955 3601 dicitnr,
968 3550 1092 3615 pertinet,
1113 3563 1175 3596 curn
1187 3545 1318 3597 Allereree
1329 3546 1472 3595 venerabili
1481 3547 1621 3600 leodiens·

474 3644 591 3706 episcopo
620 3636 773 3685 statuimus.
807 3632 865 3698 Ego
899 3631 1052 3683 Rainnldus
1082 3631 1186 3681 ecclesie
1217 3630 1365 3685 Rernensis.
1400 3633 1460 3681 licet
1491 3634 1619 3698 indignas

476 3728 609 3779 minister,
631 3722 785 3784 beneficium
809 3719 877 3787 quod
899 3718 1037 3770 Rernensis
1063 3719 1167 3768 ecclesie
1191 3717 1223 3767 nl
1248 3721 1357 3784 nntiqttn
1381 3735 1434 3767 esse
1459 3719 1615 3777 dinoscitur,

418 3825 448 3876 ⁸5
476 3811 639 3882 quodetiam
655 3808 691 3857 ad
706 3803 860 3856 Ballionem
872 3807 1006 3872 pertinere
1022 3803 1093 3854 nulli
1107 3803 1217 3852 dulium
1232 3811 1278 3856 est,
1296 3802 1423 3853 ⁴illeroni
1434 3802 1619 3857 leodiensium

475 3900 592 3964 episcopo
602 3899 690 3962 etpost
700 3907 761 3941 eum
772 3889 963 3940 successoribus
974 3893 1029 3941 suis
1041 3891 1188 3939 conditione
1199 3892 1332 3956 supposita
1340 3891 1499 3943 contradidi.
1508 3919 1539 3930 -
1547 3920 1578 3930 -
1586 3919 1619 3932 -

479 3983 622 4036 Bonnam
646 3990 674 4033 et
699 3982 978 4040 §monimen-ms,
1005 3976 1159 4027 cartulaire
1182 3977 1211 4025 de
1234 3975 1331 4039 l’tgli'se
1353 3976 1568 4028 Sarni-Lemlnt
1590 3979 1622 4028 de

477 4069 566 4133 Litge,
583 4079 603 4122 t.
619 4067 640 4127 1,
655 4084 682 4135 p.
697 4071 737 4131 56.
756 4067 802 4119 Un
819 4079 900 4118 autre
916 4064 1026 4124 accord,
1040 4064 1140 4114 conclu
1158 4080 1192 4113 en
1211 4077 1281 4127 ¹259.
1296 4065 1391 4128 tljuin,
1405 4076 1485 4115 entre
1497 4065 1621 4116 Thomna

478 4158 514 4210 dc
529 4156 672 4215 BaumetZ,
687 4158 863 4220 arcbcveque
880 4154 915 4204 dc
933 4152 1038 4210 Reims,
1056 4163 1083 4200 ct
1104 4150 1192 4201 lli-nri
1209 4150 1244 4201 de
1260 4151 1396 4207 (iueldre,
1409 4150 1455 4200 clu
1472 4150 1507 4199 de
1525 4150 1619 4215 Licgc,

421 4259 452 4308 30
478 4244 574 4296 donne
588 4243 802 4294 l’enumeration
820 4242 869 4291 des
885 4237 1014 4289 dix-neni
1024 4237 1151 4287 localites
1163 4239 1210 4302 qui
1223 4240 1422 4286 cttnstituaient
1436 4252 1466 4286 cc
1480 4235 1534 4293 fiel,
1548 4234 1621 4286 situi

479 4341 561 4381 entre
576 4330 601 4380 la
613 4330 715 4380 Chiers
732 4339 759 4379 et
776 4328 801 4378 la
819 4326 890 4377 lortt
903 4326 937 4375 de
952 4323 1094 4382 Bouillan,
1109 4324 1198 4389 parmi
1211 4322 1280 4372 elles
1294 4321 1391 4388 Douzy
1404 4322 1539 4372 cidessus
1551 4321 1619 4381 citi5

480 4433 569 4485 voyez
590 4417 728 4476 ltiaior,
750 4432 826 4466 oretr.
845 4415 903 4473 citt,
924 4424 943 4464 t.
965 4411 1000 4471 11,
1020 4426 1047 4477 p.
1068 4413 1130 4474 5t8;
1152 4410 1202 4462 cir.
1223 4423 1260 4460 tta
1279 4409 1430 4469 Limam,
1449 4408 1568 4476 Layettes
1585 4409 1621 4458 da

479 4509 563 4555 trtsor
575 4505 618 4553 des
629 4503 742 4557 cltnrtes,
759 4512 779 4553 t.
795 4498 846 4560 111,
860 4514 887 4566 p.
902 4497 960 4562 ⁴67.

516 4598 524 4626 ¹
546 4589 654 4656 Douzy,
673 4601 824 4640 commune
835 4586 873 4637 du
885 4583 1082 4651 departement
1093 4583 1143 4635 des
1156 4582 1314 4642 Ardcnnes,
1331 4582 1570 4634 arrondiseement
1587 4582 1623 4635 da

420 4688 452 4740 ss
480 4677 583 4729 Sedan.

517 4771 526 4797 ⁸
545 4762 586 4813 Ce
605 4776 660 4828 que
678 4759 705 4810 la
723 4757 875 4824 chronique
891 4771 962 4806 nous
974 4755 1015 4806 dit
1027 4756 1063 4807 de
1075 4754 1180 4806 l'echec
1191 4753 1322 4806 d'Otbert
1335 4764 1376 4806 est
1388 4753 1525 4807 confirmi
1537 4770 1586 4821 per
1597 4754 1624 4805 lc

483 4851 542 4911 leit,
562 4846 676 4915 rappell
696 4847 765 4898 dans
787 4844 812 4895 la
830 4852 897 4895 note
918 4841 1063 4902 cidessus,
1085 4841 1120 4892 de
1140 4840 1356 4909 l'arrangement
1376 4840 1488 4903 conclu,
1505 4857 1539 4891 en
1563 4853 1623 4905 tttp

482 4936 652 4997 seulement,
665 4945 746 4985 entre
758 4930 876 4984 Renaud
888 4930 923 4981 de
936 4928 1034 4980 Reims
1044 4937 1072 4980 ct
1087 4927 1214 4980 Albcron
1226 4928 1262 4980 de
1274 4927 1370 4995 Licge.
