4450 6125
632 878 705 958 142
837 858 1148 938 Cantator’ium
1178 862 1271 937 sine
1307 857 1555 939 Geronteon

620 1150 673 1201 sibi
703 1149 826 1202 adesset.
858 1148 910 1200 llle
938 1149 1120 1209 advocatum,
1150 1165 1234 1216 quern
1259 1165 1294 1200 ex
1317 1150 1452 1201 comitatu
1482 1164 1534 1201 suo
1567 1150 1773 1219 eligendum

620 1246 812 1302 putaverat,
843 1237 903 1287 sine
922 1253 1000 1287 mora
1017 1237 1108 1297 dedit,
1128 1237 1394 1304 commendavitque
1411 1237 1438 1288 ei
1456 1237 1643 1305 litigatorem.
1666 1240 1774 1293 Excla-

620 1324 705 1374 mavit
727 1322 861 1391 [ingenti]
876 1337 899 1384 a,
920 1338 988 1374 voco
1008 1332 1157 1374 veteranus
1177 1341 1183 1375 ε
1200 1324 1240 1373 At
1258 1341 1309 1373 non
1328 1340 1381 1389 ego.
1407 1324 1498 1380 Cesar,
1514 1332 1537 1374 te
1544 1324 1724 1393 periclitante
1742 1332 1772 1379 in

617 1412 729 1461 Actiaco
745 1409 817 1465 bello,
835 1412 966 1459 uicarium
984 1412 1092 1476 quesivi,
1111 1410 1157 1460 sed
1172 1416 1223 1478 pro
1240 1418 1263 1459 te
1275 1412 1408 1479 pugnaui,
1428 1410 1593 1480 detexitque
1610 1413 1772 1480 impressas

617 1498 770 1559 cicatrices,
785 1506 812 1548 et
825 1496 939 1548 erubuit
951 1497 1046 1558 Cesar,
1061 1499 1196 1565 venitque
1215 1500 1243 1548 in
1261 1498 1484 1561 advocationem,
1499 1508 1530 1549 ut
1545 1499 1595 1565 qui
1608 1501 1772 1554 verebatur

617 1606 675 1642 non
695 1601 804 1642 tantum
826 1591 964 1657 superbus
984 1591 1032 1642 sed
1054 1591 1138 1642 etiam
1161 1592 1286 1658 ingratus
1307 1592 1406 1643 videri.
1434 1585 1470 1645 ln
1493 1584 1644 1647 maxima
1666 1587 1769 1650 enim

617 1687 785 1766 potentia,
818 1685 996 1747 minimat
1024 1687 1125 1748 debet
1152 1704 1223 1748 esse
1252 1686 1402 1760 licentia,
1433 1686 1513 1765 quia
1543 1686 1635 1767 quod
1667 1691 1768 1768 apud

617 1788 767 1848 minores
789 1795 970 1865 reputatur
992 1804 1052 1865 pro
1074 1785 1292 1866 negligentia,
1315 1786 1408 1865 apud
1431 1794 1587 1865 potentes
1613 1787 1772 1849 habetur

616 1907 678 1967 pro
693 1888 864 1969 superbia.

482 2006 580 2067 Νίκῃ,
650 1997 801 2049 Laberium
817 2005 835 2057 ¹,
861 1994 1025 2062 quendam
1044 2010 1143 2061 aspere
1161 1995 1300 2047 libertatis
1318 1995 1477 2048 Romanum
1498 1987 1658 2064 militem,
1674 1996 1770 2051 Cesar
1804 2019 1836 2055 ro

458 2073 604 2136 salumaln
615 2092 777 2158 quingentis
794 2089 908 2140 milibus
925 2089 1064 2150 invitavit,
1083 2097 1113 2140 ut
1132 2090 1260 2155 prodiret
1278 2090 1307 2140 in
1325 2105 1437 2141 scenam
1455 2097 1483 2142 et
1495 2099 1591 2159 ageret
1616 2092 1726 2145 mimos
1745 2108 1768 2152 c.

492 2140 569 2206 1’7'
616 2195 697 2247 quos
729 2187 847 2230 contra
875 2177 961 2229 alios
994 2177 1225 2243 scriptitando
1253 2177 1453 2229 devotabat.
1472 2176 1684 2244 Sedpotestas,
1705 2195 1769 2232 non

615 2265 707 2316 solum
734 2265 757 2315 si
784 2264 895 2324 invitet,
919 2263 967 2314 sed
989 2272 1017 2314 et
1042 2264 1064 2313 si
1087 2263 1238 2329 supplicet,
1262 2264 1346 2331 cogit.
1369 2263 1466 2315 Unde
1490 2271 1522 2314 et
1551 2262 1728 2317 Laberius
1752 2283 1769 2318 a

613 2352 737 2403 Cesare
762 2367 795 2402 se
819 2360 971 2402 coactum
986 2347 1133 2417 [testatus]
1151 2350 1169 2389 d
1190 2351 1236 2401 sic
1262 2350 1468 2416 respondit:

829 2495 986 2558 Necessitas,
998 2497 1078 2560 cujus
1089 2512 1186 2546 cursus
1198 2497 1344 2547 transversi
1355 2497 1483 2560 impetum

835 2582 980 2632 Voluerunt
988 2581 1070 2632 ruedti
1078 2585 1195 2648 effugere
1207 2596 1228 2643 t,
1241 2584 1325 2650 pauci
1330 2587 1484 2650 potuerunt.

816 2667 890 2736 [Quo
902 2685 943 2719 mc
953 2670 1065 2718 detrusit
1074 2674 1140 2735 pene
1152 2670 1277 2718 ectrernis
1289 2666 1440 2736 sensibust]

833 2756 917 2822 Quem
930 2754 1006 2805 ortella
1017 2754 1134 2817 terrebitia,
1148 2754 1225 2805 nulla
1238 2771 1366 2822 uinquam
1375 2756 1396 2804 s
1403 2754 1519 2821 largitio,

815 2840 930 2909 [Nullus
943 2843 1032 2903 tiereor,
1047 2843 1084 2891 ris
1097 2839 1182 2902 retello,
1197 2840 1273 2890 nulla
1285 2841 1443 2911 auctoritas]

828 2927 934 2978 Movere
943 2929 1030 2995 potuit
1042 2929 1069 2976 in
1080 2928 1191 2986 furente
1204 2928 1233 2975 de
1244 2935 1326 2993 statu,

816 3013 897 3083 [Ecce
909 3016 936 3062 in
949 3021 1050 3064 senecta
1063 3022 1092 3065 ut
1097 3013 1183 3079 facile
1194 3014 1312 3080 letheseeit
1323 3015 1389 3084 loco]

836 3101 894 3151 Viri
904 3101 1053 3151 emetientis
1065 3110 1150 3151 mente
1160 3102 1285 3152 clemente
1292 3118 1310 3152 e
1320 3104 1413 3154 caitae

814 3186 979 3255 [Summissa
987 3187 1092 3256 placide
1103 3187 1300 3256 blandiloqueus
1311 3192 1416 3240 oratio.-2

828 3275 938 3324 Etenim
952 3276 1004 3341 ipsi
1014 3275 1043 3323 di
1054 3292 1149 3340 negare
1161 3278 1207 3324 cui
1218 3275 1450 3343 nihilpotuerunt,

828 3361 974 3411 Hominem
988 3378 1028 3410 me
1039 3362 1166 3427 denegare
1177 3364 1236 3427 quis
1245 3368 1330 3430 posset
1338 3365 1419 3429 pati?

827 3447 897 3516 Ego]
912 3447 949 3497 dis
962 3450 1069 3498 tricenis
1085 3449 1095 3486 ἰ
1106 3449 1187 3497 eatenis
1198 3452 1264 3499 actis
1276 3452 1333 3499 sine
1345 3459 1405 3500 nota

814 3534 916 3603 [Eques
927 3534 1068 3585 Romanus
1079 3551 1092 3583 e
1103 3534 1175 3584 Lare
1185 3552 1302 3600 egressus
1314 3553 1369 3585 tneo

829 3621 948 3671 Domum
961 3629 1079 3671 revertar
1092 3622 1192 3670 ininius
1206 3639 1216 3670 .·
1230 3620 1375 3689 nirnirum]
1390 3622 1438 3672 leae
1449 3623 1511 3671 diei

814 3706 891 3775 [Uno
898 3708 962 3774 pltcs
974 3710 1031 3757 vixi
1042 3708 1112 3757 milri
1120 3725 1200 3775 quam
1214 3709 1353 3758 vi'eendum
1359 3707 1444 3777 suit]

828 3794 948 3845 Fortuna
962 3796 1135 3845 inunoderata
1148 3797 1176 3843 in
1190 3793 1252 3843 bano
1263 3811 1325 3861 eque
1335 3803 1412 3862 utque
1427 3793 1481 3863 [in]
1497 3794 1567 3845 attalo
1791 3818 1828 3867 30

645 3975 671 4009 a.
696 3974 810 4022 reternque
827 3958 892 4006 dares
911 3959 956 4013 A,·
968 3960 998 4021 je
1016 3959 1039 4007 le
1056 3959 1162 4009 ritablis
1180 3959 1283 4025 d'apre's
1300 3958 1433 4011 Macrobe.
1452 3988 1483 3997 -
1508 3957 1531 4011 b.
1555 3960 1644 4011 nimia
1662 3962 1701 4013 A.
1723 3991 1758 4001 —

612 4061 635 4095 c.
660 4058 792 4093 nummos
812 4043 849 4092 A.
870 4072 901 4079 -
923 4044 949 4093 d.
973 4043 1093 4111 illamque
1113 4047 1179 4094 dans
1200 4046 1245 4100 A:
1262 4046 1293 4109 je
1315 4044 1420 4096 ettalus
1443 4044 1546 4112 d'apris
1567 4044 1703 4101 Macrobe.
1723 4078 1759 4088 —

611 4147 633 4180 e.
654 4129 733 4180 Dans
751 4130 787 4184 Α,
809 4128 932 4197 effugare
949 4146 1018 4180 corr.
1035 4136 1088 4197 par
1104 4130 1128 4180 le
1145 4134 1240 4196 copiste
1262 4149 1293 4181 en
1312 4130 1445 4199 effugere.
1460 4160 1492 4169 -
1501 4131 1530 4198 s.
1544 4132 1659 4199 inquam
1669 4134 1709 4187 A.
1722 4162 1758 4173 -

609 4238 637 4282 g.
647 4218 779 4270 demente
791 4217 828 4269 A.
843 4247 874 4254 -
887 4217 913 4269 ie.
927 4218 1036 4269 concita
1045 4218 1081 4269 Α.
1096 4247 1128 4255 -
1142 4221 1159 4269 i.
1175 4218 1292 4285 trigenis
1304 4219 1341 4270 el.
1355 4247 1387 4256 -
1398 4219 1419 4276 i.
1434 4218 1517 4270 hodie
1529 4218 1567 4271 A.

647 4502 653 4528 ¹
672 4494 721 4543 i'ai
736 4492 844 4553 ritabli,
859 4494 928 4543 dans
940 4492 981 4542 les
994 4508 1057 4544 vers
1068 4493 1213 4551 cidessus.
1234 4494 1260 4545 le
1279 4504 1355 4544 texte
1373 4495 1408 4545 de
1427 4494 1570 4555 Macrobe,
1582 4510 1617 4546 au
1631 4494 1690 4548 lieu
1703 4497 1756 4550 des
1789 4513 1823 4565 35

612 4578 773 4644 fragments,
802 4577 1015 4642 inintelligibles
1043 4579 1111 4630 dans
1140 4579 1203 4630 leur
1231 4579 1458 4641 morcellement,
1483 4580 1567 4647 qu'en
1598 4580 1696 4634 donne
1727 4581 1757 4635 la

616 4665 775 4730 Cleronique,
790 4665 840 4714 Les
853 4680 980 4731 passages
992 4681 1047 4732 que
1059 4666 1168 4717 celle-ci
1181 4675 1258 4718 omet
1270 4676 1344 4726 sont,
1358 4666 1502 4729 cidessus,
1516 4677 1598 4719 entre
1609 4671 1754 4724 crochets.

615 4751 693 4802 Voici
706 4749 916 4811 litteralement,
931 4751 998 4802 telle
1010 4768 1065 4818 qne
1077 4752 1213 4804 l'ccourte
1224 4752 1250 4803 la
1266 4753 1425 4820 chronique,
1439 4753 1465 4804 la
1478 4752 1563 4805 finde
1575 4754 1602 4806 la
1614 4755 1735 4809 citation
1747 4774 1756 4811 :

614 4838 703 4890 Floris
719 4854 844 4887 cacumen
864 4846 949 4887 nostre
963 4838 1042 4902 same
1059 4838 1195 4904 frangere,
1214 4848 1238 4888 et
1253 4840 1405 4905 satisfacere
1418 4838 1515 4906 populo
1532 4856 1583 4890 non
1602 4857 1645 4892 me
1664 4842 1756 4899 deicit.

615 4926 658 4978 lta
670 4944 711 4977 me
723 4933 835 4977 vetustas
846 4943 980 4976 cannarum
992 4935 1022 4976 ut
1032 4927 1108 4976 edera
1120 4943 1225 4992 serpens
1237 4930 1304 4976 m'res
1316 4925 1437 4976 arboreas
1449 4934 1531 4977 necat.
1564 4958 1572 4975 .
1788 4945 1828 4993 40
