4450 6125
570 878 645 959 104
773 857 1085 938 Cantatorium
1116 864 1210 939 sive
1245 858 1496 941 Chronieon

562 1154 662 1217 illum
680 1154 794 1217 iecisse
809 1155 960 1227 erubuit,
976 1164 1010 1217 et
1024 1154 1241 1234 expostulate
1255 1153 1467 1233 probationis
1480 1152 1574 1213 diem
1589 1149 1706 1213 abbati

563 1254 752 1317 constituit.
773 1254 971 1316 Heribertus
990 1254 1146 1335 quidam,
1162 1254 1354 1316 admodum
1375 1251 1485 1314 fidelis
1507 1261 1541 1313 et
1564 1252 1706 1331 probus,

563 1366 636 1420 erat
653 1367 733 1418 tunc
750 1355 1006 1418 Calvisiacensis
1020 1356 1154 1418 villicus
1166 1356 1188 1418 ¹.
1207 1354 1269 1417 Hic
1285 1355 1340 1416 die
1355 1352 1485 1434 prefixa
1500 1353 1591 1415 inter
1605 1353 1709 1415 abba·

565 1468 636 1520 tem
647 1468 681 1519 et
690 1457 876 1519 Adelonem
888 1455 1069 1519 testificato
1081 1456 1237 1537 legaliter
1247 1465 1470 1529 sacramento,
1480 1454 1711 1517 idem·sacra·

566 1568 725 1621 mentum
741 1557 889 1638 judiciali
910 1558 1163 1620 examinatione
1184 1575 1245 1637 per
1264 1556 1414 1638 aquam¹
1429 1552 1660 1629 confirmavit,
1677 1564 1711 1617 et
1754 1575 1765 1625 ς

567 1660 813 1722 advocatorum
830 1658 995 1720 violentas
1015 1657 1220 1730 exactiones,
1239 1657 1390 1718 maxime
1405 1673 1486 1717 vero
1505 1671 1645 1717 corveas
1660 1654 1710 1717 illi

567 1759 710 1822 omnino
737 1758 907 1820 indebitas
940 1759 1189 1837 comprobavit.
1222 1757 1308 1819 Huic
1342 1755 1477 1836 publice
1508 1757 1712 1835 comproba·

568 1858 681 1922 tionit
710 1856 943 1920 interfuerunt
976 1858 1082 1920 Adelo
1118 1858 1301 1928 Dunensis‚
1334 1855 1570 1919 Rainbaldus‘
1598 1873 1715 1918 comes

572 1960 748 2022 Mutiensis
760 1950 782 2032 ³,
815 1959 937 2021 Petrus
966 1958 1248 2026 Mirowaldensis.
1279 1975 1361 2019 cum
1392 1956 1511 2018 multis
1540 1957 1714 2020 nobilibus

569 2062 655 2122 aliis.
673 2063 798 2122 Actum
814 2076 906 2121 anno
922 2058 1089 2120 incarnati
1106 2058 1207 2119 Verbi
1226 2055 1313 2121 1081.
1745 2077 1774 2114 ιο

413 2297 560 2349 rosi-1082.
609 2275 1716 2363 42.(54.)NecmultopostGodesridusTheodericum³comitem⁴

605 2519 631 2553 a.
652 2500 744 2552 iddem
759 2501 795 2552 A.
810 2528 841 2537 -
859 2498 882 2552 b.
902 2498 981 2549 Dans
993 2499 1030 2553 A.
1046 2498 1288 2564 comprobationis
1304 2514 1373 2548 corr.
1389 2504 1442 2565 par
1457 2497 1481 2547 le
1495 2496 1579 2547 scribe
1593 2515 1626 2547 en
1642 2512 1718 2549 com·

574 2589 745 2655 probationi.
760 2616 790 2625 -
809 2604 832 2639 c.
851 2603 884 2637 ou
899 2585 1058 2638 rambaldus
1071 2587 1108 2636 A.
1123 2614 1153 2623 -
1173 2586 1199 2637 d.
1218 2586 1392 2636 teodericum
1406 2586 1442 2635 A.

609 2924 615 2949 ¹
643 2914 762 2970 Villicus,
779 2916 866 2979 major
878 2913 1009 2970 scabinus,
1025 2931 1070 2964 seu
1088 2918 1110 2964 is
1126 2917 1160 2963 sit
1177 2915 1213 2963 ad
1229 2923 1340 2981 tempus,
1362 2922 1392 2964 ut
1408 2923 1471 2963 sunt
1489 2916 1603 2978 majores
1617 2914 1721 2965 scabini

574 3004 602 3051 in
624 2999 794 3055 ciuitatibus,·.
811 3002 865 3050 sive
886 3001 914 3049 id
933 3003 1053 3050 muntris
1072 2999 1165 3050 habeat
1188 3004 1216 3049 in
1237 3001 1356 3069 praediis
1379 3002 1487 3050 rusticis
1510 3002 1614 3051 ratione
1628 3000 1720 3067 studi.
1753 3016 1781 3068 ις

577 3088 750 3140 occisor..

609 3183 618 3209 ²
639 3173 714 3226 Dans
726 3174 752 3225 le
764 3175 909 3242 jugement
922 3190 972 3241 par
983 3174 1054 3225 l'eau
1068 3173 1167 3235 irnide,
1182 3174 1317 3240 l'inculpe
1333 3175 1400 3224 e'tait
1416 3174 1528 3226 declare
1541 3175 1686 3236 innocent,
1698 3177 1724 3227 si

575 3278 626 3314 son
644 3263 809 3312 immersion
821 3263 895 3312 avait
909 3261 954 3312 ete
967 3261 1118 3326 complete,
1133 3276 1182 3327 par
1195 3261 1221 3311 le
1233 3260 1294 3311 seul
1307 3260 1388 3326 poids
1399 3260 1434 3312 de
1446 3277 1498 3313 son
1510 3277 1606 3329 corps:
1621 3262 1641 3313 il
1653 3262 1723 3314 &tait

575 3347 686 3400 declar(⁸
702 3348 840 3414 coupable
856 3348 898 3398 s'il
916 3349 1083 3415 surnageait.
1104 3347 1127 3397 11
1144 3350 1266 3413 importe
1282 3347 1420 3414 d'ajouter
1435 3364 1490 3415 que
1505 3358 1581 3400 cette
1597 3349 1724 3415 epreuve

576 3434 643 3485 etan
663 3435 799 3501 prece'dee
817 3435 851 3485 de
871 3435 987 3500 priores,
1005 3434 1041 3484 de
1059 3435 1158 3499 jetines
1177 3443 1205 3484 et
1223 3432 1425 3500 d'adjumtions
1443 3433 1599 3501 multiples‚
1618 3445 1647 3487 et
1666 3451 1725 3504 que
1753 3452 1786 3490 so

575 3521 650 3572 celui
669 3522 717 3588 qui
739 3521 779 3587 s'y
802 3521 965 3571 soumettait
985 3520 1079 3570 derait
1098 3519 1215 3570 d'abord
1235 3521 1422 3572 communies.
1445 3519 1485 3572 Ic
1504 3521 1651 3589 jugement
1673 3537 1726 3590 par

577 3609 647 3661 l’eau
661 3608 769 3658 chaude
782 3608 954 3658 innocentait
971 3606 1089 3658 l’accuse'
1101 3608 1149 3674 qui
1163 3607 1305 3673 plungeait
1319 3607 1514 3673 impunement
1527 3607 1554 3658 la
1567 3609 1643 3659 main
1655 3609 1727 3661 dans

577 3696 648 3747 l'eau
667 3694 833 3746 bouiliante.
852 3692 923 3760 Voy.
943 3692 1103 3754 ΜΛΠΕΝΕ,
1123 3691 1166 3742 Dc
1181 3695 1300 3760 antiquis
1314 3692 1436 3742 ecclcsiae
1451 3692 1557 3749 ritibus,
1577 3693 1597 3746 l.
1613 3708 1638 3758 3,
1655 3709 1680 3747 c.
1697 3708 1725 3762 7,

579 3797 626 3848 pp.
641 3780 689 3844 456
702 3791 729 3830 ct
742 3781 814 3831 suiv.

614 3875 623 3912 3
644 3866 810 3924 Raimbaud,
835 3874 928 3916 comte
951 3864 986 3915 de
1010 3864 1108 3931 Mussy
1134 3864 1456 3931 (stussy-te-Cusioeu,
1479 3866 1665 3932 dependanoe
1689 3869 1729 3923 de
1757 3889 1787 3941 ις

582 3953 750 4021 Longuyon,
780 3952 975 4017 departement
1004 3951 1039 4001 de
1070 3949 1387 4010 Meurtheet-Moselle,
1417 3953 1660 4007 arrondissement
1690 3955 1729 4009 de

582 4041 692 4107 Brit-y),
705 4048 747 4089 cst
761 4039 815 4089 cite
829 4054 878 4104 par
890 4036 925 4086 (ἱ.
943 4036 1060 4096 Kuttru,
1077 4036 1188 4086 (Ἰωνίας
1205 4038 1235 4087 dc
1250 4036 1458 4094 Setini-Hubert,
1474 4048 1495 4089 t.
1510 4039 1532 4100 l,
1545 4042 1561 4091 s
1574 4055 1681 4109 propos
1691 4042 1731 4097 ds

580 4126 727 4179 differents
747 4135 832 4183 actes,
854 4125 889 4175 de
915 4124 972 4174 ¹081
995 4127 1009 4173 a
1032 4137 1103 4190 1109.
1129 4124 1152 4173 Α
1172 4134 1246 4174 cette
1266 4125 1396 4175 derniere
1416 4125 1490 4186 date,
1513 4124 1673 4181 Raimbsud
1692 4129 1732 4184 de

582 4213 690 4280 Mussy,
704 4211 779 4261 inilcs
791 4212 821 4261 dc
835 4210 966 4277 Ottcngcs,
982 4220 1010 4260 et
1024 4226 1052 4260 sa
1066 4208 1167 4260 femme
1179 4211 1284 4262 sonim
1300 4209 1360 4261 iont
1377 4211 1513 4264 donation
1524 4215 1541 4264 ὲ
1552 4212 1682 4283 l'abbsye
1691 4217 1731 4271 de

582 4297 784 4349 Saint-iiubert
797 4296 832 4347 de
844 4295 937 4346 l'allcu
948 4295 982 4345 de
994 4293 1091 4345 Bomal
1103 4294 1331 4363 (Luxembourg,
1342 4295 1467 4358 Marciis,
1479 4295 1635 4366 Bnrvaux).
1645 4299 1732 4356 Nous
1759 4321 1791 4372 p

583 4403 617 4437 nc
635 4399 764 4452 pouvons
781 4398 836 4448 quc
856 4397 995 4448 renioycr
1012 4382 1038 4432 le
1057 4382 1166 4433 lecteur
1183 4386 1197 4432 ὲι
1216 4382 1241 4432 la
1258 4392 1325 4433 note
1342 4383 1474 4435 de'taillee
1491 4400 1547 4451 que
1563 4384 1601 4437 G.
1617 4385 1732 4443 Kvm!

582 4474 1068 4534 consacreiicepersonnage‚ou1·r.
1083 4472 1142 4523 citi.
1159 4479 1179 4520 t.
1194 4469 1215 4528 l,
1230 4485 1277 4536 pp.
1292 4472 1378 4536 78-79.

616 4569 627 4599 4
646 4578 657 4603 a
670 4558 709 4606 (Ie
724 4570 836 4621 passage
846 4556 915 4620 jetti·
926 4569 963 4604 un
973 4556 1037 4621 jour
1047 4570 1175 4605 noureau
1186 4571 1235 4605 sur
1244 4555 1373 4624 l'origine
1382 4557 1431 4608 des
1440 4558 1584 4624 dynasties
1592 4562 1735 4617 comula

584 4647 619 4697 de
640 4644 766 4695 (iueldre
787 4654 813 4693 ct
835 4643 870 4692 de
891 4642 1002 4692 (Tlives.
1024 4641 1070 4693 On
1091 4644 1179 4692 savait
1200 4643 1308 4710 jusqu'a
1327 4645 1450 4710 present,
1469 4661 1520 4711 par
1543 4646 1585 4699 les
1606 4649 1735 4703 Annales

586 4733 716 4785 li’odenses
737 4730 855 4795 (MGH.
878 4729 939 4788 55„
959 4740 979 4780 t.
1002 4729 1077 4791 XVI,
1099 4746 1126 4796 p.
1145 4731 1219 4796 689),
1242 4731 1360 4796 qu'elles
1380 4730 1578 4784 deseendaient
1595 4734 1631 4785 de
1653 4735 1734 4789 deux
1762 4752 1792 4805 35

586 4820 672 4871 [rores
685 4818 814 4869 nommcs
826 4816 934 4866 (icmrd
947 4827 974 4866 et
990 4815 1093 4883 Rogcr,
1108 4817 1253 4882 indigeries
1264 4816 1299 4867 de
1316 4816 1342 4867 la
1360 4816 1480 4868 Flandre
1493 4818 1681 4875 meridionale
1691 4838 1734 4877 ou

585 4909 622 4960 du
636 4905 809 4965 Toumaisis,
823 4905 881 4970 qui,
892 4903 1003 4954 chasses
1015 4903 1050 4953 de
1063 4902 1125 4953 leur
1138 4918 1205 4969 pays
1218 4919 1268 4969 par
1280 4904 1306 4953 la
1317 4918 1419 4969 guerre
1431 4903 1524 4963 ciuile.
1535 4920 1566 4957 se
1577 4907 1736 4964 retiturcnt
