4450 6125
622 853 676 934 40
829 830 1146 912 Cantatorium
1177 836 1270 912 siae
1305 832 1556 913 Chronicon

619 1129 744 1189 horreo
760 1125 848 1187 beati
867 1123 1009 1186 Huberti
1020 1137 1045 1184 ι’.
1070 1123 1226 1199 Quedam
1242 1142 1324 1186 vero
1338 1142 1449 1187 venna
1464 1125 1486 1199 ¹,
1503 1143 1570 1206 que
1591 1129 1687 1207 apud
1712 1146 1775 1191 eos

619 1227 746 1290 dieitur
770 1225 897 1298 radius,
925 1225 959 1286 in
986 1226 1105 1286 Huia²
1132 1225 1290 1297 habetur,
1318 1234 1352 1287 et
1375 1243 1593 1308 quecumque
1618 1237 1771 1309 captura

620 1328 766 1408 piscium
783 1325 828 1387 ibi
845 1326 1039 1406 provenerit
1054 1344 1072 1387 a
1090 1344 1180 1388 nona
1194 1326 1365 1387 dominice
1381 1326 1489 1388 noctis
1508 1330 1678 1408 usquead
1696 1347 1774 1392 ves-

541 1469 545 1475 -
620 1445 740 1510 peram
756 1427 929 1507 sequentis
944 1425 1023 1499 diei,
1040 1445 1145 1488 suum
1166 1437 1216 1488 est
1238 1426 1374 1488 ecclesie
1396 1434 1512 1489 nostre
1526 1446 1566 1490 ex
1581 1438 1773 1494 consuetu·

620 1531 699 1591 dine
712 1529 1023 1610 veteri‚etquando
1035 1529 1128 1590 idem
1140 1526 1769 1608 radiusfirmabaturavilliconostro,
1820 1554 1834 1604 5

618 1630 775 1711 exigebat
787 1628 850 1690 sibi
864 1628 1046 1689 obsonium
1057 1627 1194 1689 comitis
1207 1627 1353 1689 villicus.
1366 1626 1435 1689 llas
1445 1645 1566 1691 omnes
1576 1629 1773 1708 injustitias

618 1728 1771 1810 neampliusaquoquamexigerentur,bannaliauctoritatecomes

618 1830 808 1904 interdixit,
839 1829 1051 1910 pontenariis
1082 1830 1293 1890 constituens
1322 1828 1364 1891 de
1393 1847 1601 1911 unaquaque
1629 1842 1771 1895 carrata

617 1932 871 2013 transponende
888 1930 1019 1993 decime
1041 1948 1148 1992 unam
1170 1932 1313 2011 garbam
1334 1930 1487 2010 accipere
1508 1941 1552 2006 et,
1571 1931 1599 1993 si
1621 1932 1771 2013 quidem

620 2035 736 2095 minus
765 2032 865 2093 luerit
890 2032 931 2092 de
956 2032 1090 2113 integra
1116 2041 1258 2102 carrata,
1287 2030 1467 2092 dimidiam
1492 2031 1542 2092 illi
1567 2034 1767 2112 provenire,
1804 2057 1837 2093 ιο

619 2135 707 2196 sicut
723 2133 890 2212 placuerit
903 2131 1061 2193 ministro
1076 2132 1212 2194 ecclesie
1227 2143 1260 2193 et
1273 2133 1337 2194 hoc
1352 2132 1424 2194 sine
1440 2133 1511 2194 ulla
1521 2132 1768 2198 decertatione.

621 2235 748 2296 Deinde
772 2250 886 2295 comes
900 2224 921 2306 ³,
940 2251 1003 2312 pro
1019 2232 1072 2294 his
1093 2242 1127 2293 et
1148 2233 1223 2294 aliis
1238 2231 1416 2311 injustitiis
1428 2231 1441 2271 Ι
1455 2251 1542 2315 quas
1557 2234 1609 2295 vel
1625 2253 1697 2297 ase
1714 2237 1770 2299 vel

618 2354 637 2397 a
653 2336 723 2397 suis
739 2334 935 2414 recognovit
951 2333 1055 2395 factas
1074 2334 1223 2407 ecclesie,
1241 2333 1381 2413 culpam
1399 2352 1499 2396 suam
1520 2331 1696 2398 confessus
1716 2347 1772 2400 est

618 2436 752 2518 publice
779 2444 811 2497 et
840 2434 966 2497 Ottone
996 2434 1066 2496 tilio
1094 2435 1190 2497 suo⁴
1216 2452 1332 2496 secum
1362 2435 1521 2510 deducto,
1554 2436 1692 2498 veniens
1722 2438 1768 2500 ad

618 2537 879 2610 monasterium,
908 2536 1199 2613 Floherimontem
1218 2527 1229 2561 ⁵
1250 2553 1330 2598 cum
1356 2534 1485 2598 familia
1508 2544 1542 2598 et
1565 2537 1769 2601 molendino
1804 2560 1832 2611 15

618 2639 759 2700 donavit
775 2639 875 2699 beato
892 2637 1044 2699 Huberto
1060 2636 1214 2718 legaliter
1231 2637 1441 2698 habendum.
1462 2636 1537 2699 Filii
1556 2654 1696 2718 quoque
1712 2640 1768 2704 sui

618 2741 797 2801 dexteram
825 2755 927 2816 super
954 2737 1066 2814 majus
1091 2737 1196 2798 altare
1222 2737 1310 2798 beati
1338 2736 1429 2799 Petri
1454 2737 1634 2816 applicuit,
1661 2746 1698 2801 et
1727 2748 1769 2803 ut

618 2838 736 2902 omnia
759 2856 825 2919 que
847 2837 959 2898 eidem
974 2836 1109 2898 ecclesie
1125 2836 1324 2910 donaverat,
1341 2838 1393 2898 vel
1414 2838 1558 2915 injustas
1572 2838 1770 2903 exactiones

619 2952 653 3004 et
675 2939 940 3002 consuetudines
962 2956 1048 3019 quas
1069 2939 1308 3000 adnullaverat
1328 2938 1401 3019 ipsc
1419 2939 1523 3001 etiam
1540 2939 1768 3019 jurejurando

619 3041 649 3104 ei
665 3039 895 3114 confirmaret,
913 3040 1053 3120 proprio
1067 3057 1126 3102 ore
1143 3039 1300 3118 juraturo
1314 3039 1465 3115 dictavit,
1483 3041 1702 3121 presentibus
1718 3042 1765 3105 ibi
1799 3066 1835 3104 20

619 3142 828 3223 quibusdam
856 3141 1081 3223 optimatibus
1105 3143 1187 3203 suis.
1218 3141 1397 3206 Gabelium
1422 3153 1540 3206 autem
1567 3144 1701 3207 semel‘
1729 3146 1766 3208 in

652 3358 678 3391 a.
698 3340 778 3390 Dans
795 3340 833 3395 Α,
856 3339 979 3391 Huberti
999 3339 1071 3390 beati
1089 3356 1160 3391 corr.
1176 3344 1229 3407 par
1246 3356 1298 3390 une
1315 3342 1389 3390 main
1404 3343 1565 3409 postdrr'eure
1582 3358 1614 3392 cn
1633 3342 1662 3395 b.
1682 3343 1721 3396 H.
1735 3371 1770 3383 -

619 3425 642 3476 l.
660 3426 780 3492 justiciis
792 3427 829 3478 A.
844 3454 876 3464 -
893 3442 916 3476 c.
936 3425 1016 3476 simel
1030 3425 1068 3478 .·l.

656 3760 663 3787 ¹
684 3751 738 3804 Sur
750 3752 776 3802 la
788 3753 886 3819 peche,
899 3761 926 3803 et
940 3752 1200 3819 particulierernent
1218 3754 1244 3805 la
1264 3756 1352 3821 peche
1367 3770 1402 3806 au
1421 3769 1523 3823 moyen
1535 3754 1683 3823 disclusus,
1695 3756 1779 3810 dont·

622 3839 641 3888 il
654 3849 696 3889 est
708 3839 839 3904 question
852 3838 997 3900 uidemus,
1011 3856 1076 3906 voy.
1091 3838 1287 3902 LauPRucflT,
1305 3858 1381 3893 ouzrr.
1394 3844 1452 3897 citt,
1469 3857 1497 3908 p.
1513 3855 1570 3893 121.
1803 3859 1837 3911 25

657 3931 666 3957 ¹
686 3923 724 3973 La
745 3923 871 3983 Houille,
885 3926 973 3989 petite
992 3926 1093 3976 ririere
1111 3927 1158 3991 qui
1178 3942 1208 3978 se
1226 3926 1315 3979 forme
1327 3930 1343 3978 a
1355 3926 1495 3990 Gedinne,
1511 3928 1599 3992 recoit
1611 3927 1638 3981 la
1651 3929 1771 3983 Hunos

625 4008 921 4078 Bourscigne-Neuve,
935 4020 962 4061 et
976 4029 1005 4061 se
1017 4012 1085 4076 jette
1098 4012 1167 4063 dans
1179 4013 1205 4065 la
1218 4013 1317 4065 Mense
1330 4017 1345 4064 l
1357 4013 1454 4065 Givet.

657 4102 668 4142 ³
686 4095 740 4147 Sur
751 4095 778 4146 la
790 4096 935 4158 donation,
954 4112 1003 4162 par
1020 4096 1131 4148 Arnoul
1150 4099 1175 4149 ll
1194 4110 1222 4151 et
1241 4099 1342 4161 Otton,
1360 4100 1434 4152 dela
1447 4109 1521 4152 terre
1537 4100 1573 4152 de
1589 4100 1772 4170 Flohimont‚

623 4198 689 4251 roy.
703 4182 738 4233 (i.
755 4181 1036 4246 Kusrn,01a›r.ciu,
1051 4193 1071 4234 t.
1087 4184 1108 4246 1,
1123 4201 1151 4252 p.
1166 4200 1206 4249 33.

655 4279 668 4312 ⁴
685 4268 775 4320 (ltton
789 4268 826 4329 ΙΙ,
839 4278 932 4319 comte
944 4269 979 4320 dc
991 4268 1094 4337 Chiny,
1109 4270 1153 4321 fils
1165 4271 1228 4322 alni
1240 4281 1268 4322 et
1281 4286 1444 4322 successeur
1454 4271 1595 4324 d'llmoul
1608 4271 1645 4334 ΙΙ,
1658 4280 1702 4324 eet
1714 4273 1774 4327 cite
1806 4297 1842 4347 30

624 4357 692 4407 dans
712 4354 738 4405 la
762 4355 923 4422 chronique,
947 4371 972 4407 c.
995 4357 1040 4421 98:
1064 4356 1113 4407 eir.
1142 4373 1190 4408 sur
1211 4373 1254 4408 ses
1280 4357 1434 4409 liberalites
1459 4373 1495 4409 en
1515 4356 1613 4410 laveur
1639 4356 1773 4424 (ΙὈτνιΙ,

627 4442 816 4500 lacrimosus,
835 4458 910 4493 amr.
929 4444 987 4497 citt,
1009 4451 1029 4492 t.
1051 4441 1101 4504 111,
1123 4459 1169 4509 pp.
1190 4458 1248 4503 220,
1269 4458 1326 4505 221,
1346 4458 1405 4507 403,
1419 4454 1448 4495 et
1464 4461 1500 4495 en
1518 4443 1617 4497 iaveur
1630 4444 1668 4497 de
1679 4443 1775 4499 Saint-

628 4528 749 4587 Hubert,
763 4528 799 4579 (i.
817 4527 934 4590 linarii,
947 4546 1022 4579 ouvr.
1036 4532 1094 4586 cira,
1112 4541 1131 4579 t.
1148 4529 1168 4592 1,
1184 4546 1230 4596 pp.
1245 4546 1287 4596 91,
1301 4545 1343 4596 94,
1360 4544 1415 4592 142,
1432 4545 1487 4594 143,
1504 4545 1560 4597 147,
1573 4531 1634 4584 612.

660 4623 668 4644 ³
690 4613 863 4674 Flohimont,
876 4614 1057 4681 dependance
1074 4616 1108 4667 de
1128 4616 1339 4679 Fromelennes,
1357 4632 1508 4668 commune
1522 4617 1559 4669 du
1571 4616 1772 4685 department

624 4701 673 4752 des
686 4700 844 4762 :lrdcnnes
857 4703 1095 4754 arrondissemcnt
1108 4704 1143 4753 de
1155 4703 1254 4763 luvet:
1275 4704 1293 4753 il
1313 4703 1391 4771 s’agit
1411 4704 1444 4755 ici
1463 4703 1680 4769 probablement
1694 4704 1733 4757 de
1744 4706 1773 4759 la
1804 4730 1839 4782 35

625 4788 746 4839 seconde
764 4788 860 4838 moitic
878 4788 915 4839 du
935 4789 1043 4840 moulin
1062 4790 1097 4839 de
1118 4789 1291 4852 Flohimont‚
1305 4806 1351 4841 car
1363 4789 1474 4841 Arnoul
1489 4790 1515 4841 Il
1526 4792 1612 4853 avait,
1630 4791 1681 4844 des
1695 4792 1770 4856 1066,

624 4875 719 4926 donne
732 4877 747 4924 a
760 4874 964 4925 Saint-llubert
977 4876 1076 4926 l'autre
1091 4875 1198 4929 moitie.
1210 4876 1282 4943 l'oy.
1293 4875 1329 4927 G.
1344 4876 1367 4926 lx·
1372 4889 1461 4937 uteru,
1473 4893 1549 4929 oum.
1557 4879 1617 4934 cira,
1627 4886 1648 4929 t.
1657 4877 1680 4940 Ι,
1688 4892 1719 4945 p.
1727 4891 1771 4945 ις.
