4450 6125
554 838 607 953 96
765 842 1076 923 Cantatorium
1105 843 1199 920 sive
1234 837 1483 920 Chronicon

429 1147 502 1212 1076.
592 1140 650 1199 ³4.
672 1135 752 1216 (46.)
775 1135 898 1197 Exacta
918 1136 1066 1214 paschali
1088 1131 1291 1204 ebdomada,
1307 1148 1388 1192 cum
1407 1128 1557 1210 episcopi
1579 1128 1615 1189 in
1633 1146 1696 1189 suo

550 1238 731 1318 digressu⁶
753 1237 980 1298 valedicerent
1002 1233 1179 1303 fratribus,
1201 1250 1239 1293 ex
1265 1231 1401 1311 pietatis
1423 1230 1544 1293 affectu
1566 1228 1694 1310 singuli

550 1349 714 1418 ceperunt
739 1337 819 1400 llere
841 1338 1054 1409 altrinsecus,
1081 1335 1247 1397 llenricus
1269 1345 1386 1396 autem
1408 1331 1570 1411 amplius,
1595 1330 1693 1413 quasi

551 1440 609 1521 qui
625 1457 667 1501 ex
681 1439 894 1501 desiderabili
908 1439 972 1500 sibi
985 1438 1098 1519 quiete
1115 1444 1332 1497 revocaretur
1344 1435 1386 1496 ad
1401 1445 1471 1496 tam
1485 1433 1695 1512 multiplices

552 1541 756 1603 secularium
774 1540 988 1620 negotiorum
1007 1538 1191 1601 tumultus.
1739 1566 1749 1617 5

592 1783 650 1840 ³5.
678 1780 757 1858 (47.)
788 1777 980 1838 Adherebat
1009 1775 1038 1836 ei
1068 1773 1271 1837 familiarius
1300 1775 1443 1857 quidam
1469 1772 1698 1835 Virdunensis

463 1895 465 1900 ·
553 1897 666 1948 senex,
686 1878 915 1950 Eleutherius
935 1877 987 1937 vir
1002 1877 1162 1957 equidem
1180 1876 1370 1958 religiosus
1383 1884 1417 1937 et
1429 1875 1489 1956 qui
1501 1876 1545 1937 ab
1556 1875 1699 1937 ineunte

551 1990 640 2043 etate
660 1981 871 2041 instruxerat
891 1996 972 2039 eum
995 1977 1146 2039 honestis
1165 1989 1197 2040 et
1218 1978 1318 2040 castis
1340 1978 1505 2039 moribus.
1526 1976 1586 2039 llic
1606 1976 1701 2040 solli·

552 2082 640 2144 citus
662 2080 782 2142 salutis
804 2088 837 2139 et
861 2078 1001 2140 honoris
1024 2078 1127 2151 illius,
1144 2078 1308 2140 attentius
1330 2080 1536 2159 suggerebat
1557 2077 1587 2139 ei
1606 2078 1700 2139 ordi-

554 2185 703 2246 nandam
733 2200 803 2243 esse
833 2181 1009 2242 ecclesiam
1039 2181 1126 2242 beati
1162 2180 1352 2247 Laurentii.
1383 2198 1450 2262 que
1479 2180 1698 2261 aliquamdiu
1730 2207 1760 2244 ιο

554 2286 693 2347 viduata
710 2283 719 2310 ¹
736 2282 911 2363 indigebat
928 2282 1142 2362 providentia
1157 2282 1302 2343 abbatis.
1321 2283 1388 2358 Qui
1403 2281 1488 2344 dum
1503 2295 1701 2344 moraretur

552 2405 632 2448 cum
662 2385 840 2465 episcopo,
871 2382 980 2444 lactus
1010 2394 1059 2444 est
1089 2381 1266 2444 familiaris
1296 2384 1479 2444 Lamberto
1508 2384 1635 2459 juniori
1664 2394 1700 2447 et

555 2484 772 2568 Berengerol
802 2483 921 2564 priori,
949 2484 1040 2545 inter
1067 2502 1154 2564 quos
1181 2494 1399 2547 concreverat
1426 2485 1560 2562 jamdiu
1585 2485 1698 2567 gratia

553 2606 631 2649 vere
655 2589 732 2648 ideo
759 2585 914 2647 karitatis
928 2586 951 2657 ²,
975 2587 1053 2667 quia
1083 2585 1203 2647 inolita
1227 2587 1335 2667 gratis
1361 2587 1466 2649 libera
1492 2598 1567 2650 erat
1592 2588 1701 2651 totius

554 2687 771 2749 necessitatis.
812 2686 853 2748 Et
889 2704 969 2747 cum
1006 2687 1120 2765 sepius
1155 2687 1406 2750 Eleutherius⁶
1440 2690 1698 2770 colloqueretur
1726 2713 1754 2762 ις

555 2790 749 2860 lamberto,
779 2787 864 2850 forte
899 2788 991 2850 inter
1029 2789 1240 2868 loquendum
1278 2790 1396 2852 incidit
1425 2791 1474 2853 eis
1504 2799 1696 2854 memorate

551 2891 686 2952 abbatie
709 2891 848 2962 mentio,
866 2899 900 2951 et
914 2889 973 2951 illo
988 2889 1122 2950 dicente
1142 2890 1183 2950 de
1198 2892 1271 2966 ejus
1286 2892 1502 2955 ordinatione
1517 2910 1552 2955 se
1569 2893 1696 2955 multo·

552 2992 644 3053 ciens
670 3009 751 3053 cum
775 2990 935 3072 episcopo
959 2990 1154 3065 contulisse,
1181 2992 1382 3073 episcopum
1404 3012 1485 3056 vero
1506 2995 1695 3058 sollicitum

551 3094 608 3155 sed
633 3095 802 3155 incertum
820 3094 872 3155 cui
892 3093 1134 3155 convenienter
1156 3111 1232 3154 eam
1256 3096 1501 3168 committeret,
1517 3097 1696 3178 respondit

555 3196 770 3266 lambertus,
783 3194 912 3274 optime
923 3212 1001 3256 eam
1012 3193 1296 3257 committendam
1311 3198 1513 3279 Berengero,
1526 3197 1699 3278 sapientid
1722 3220 1758 3259 ιο

552 3297 713 3378 equidem
738 3308 771 3359 et
797 3298 937 3375 probate
965 3296 1102 3357 virtutis
1129 3296 1214 3358 viro.
1244 3298 1300 3359 llle
1328 3300 1433 3360 semel
1463 3312 1563 3381 rapto
1590 3302 1695 3363 verbo

551 3395 679 3478 gratias
694 3396 762 3476 egit
780 3397 847 3458 Deo
861 3406 895 3458 et
910 3396 1117 3477 quantocius
1137 3398 1306 3479 suggessit
1321 3399 1490 3480 episcop0,
1509 3411 1548 3464 ut
1572 3403 1696 3465 Beren-

552 3516 673 3579 gerum
688 3497 751 3559 sibi
768 3498 1062 3560 commodandum
1078 3509 1250 3579 expeteret
1265 3502 1308 3562 ab
1320 3503 1441 3563 abbate
1453 3503 1662 3568 Theoderico
1672 3517 1696 3577 ‘‚

552 3616 655 3678 quem
668 3598 807 3660 interim
819 3600 956 3661 ecclesie
970 3601 1057 3660 beati
1069 3600 1243 3662 laurentii
1258 3603 1330 3663 loco
1342 3604 1467 3681 prioris
1479 3615 1696 3684 preponeret.

553 3699 660 3759 donec
686 3717 748 3779 per
772 3717 944 3762 accessum
970 3701 1135 3780 temporis
1160 3702 1286 3763 certius
1310 3702 1389 3765 inde
1418 3704 1482 3766 sibi
1512 3706 1697 3769 consilium
1724 3725 1757 3776 ²5

554 3801 761 3878 proveniret.
794 3801 983 3882 Episcopus
1006 3820 1086 3863 eum
1116 3814 1273 3883 expetere
1304 3822 1371 3866 non
1400 3806 1547 3878 distulit,
1578 3817 1611 3869 et
1641 3808 1696 3870 vix

462 3964 466 3972 ,
552 3919 631 3981 egre
653 3903 695 3963 ab
714 3904 835 3964 abbate
857 3903 1083 3983 impetratum
1099 3914 1133 3966 et
1147 3904 1383 3968 introductum
1406 3909 1545 3971 ecclesie
1559 3910 1694 3972 vacanti

587 4157 610 4188 aa
633 4140 712 4191 Hans
728 4141 764 4195 A.
784 4140 901 4206 digressi
917 4143 1018 4206 corrige
1029 4146 1083 4209 par
1098 4141 1122 4191 le
1136 4145 1230 4209 copr'sle
1241 4160 1272 4192 cn
1285 4143 1422 4222 digressu.
1438 4173 1468 4182 —
1487 4144 1509 4194 b.
1531 4145 1699 4213 berengerio

555 4227 591 4276 A.
611 4256 642 4265 -
660 4244 682 4278 r.
701 4226 856 4278 eleuterius
875 4228 910 4278 A.
925 4257 957 4265 -
974 4228 999 4277 d.
1021 4228 1100 4278 Hans
1118 4231 1154 4284 Α,
1176 4232 1310 4295 sapientis
1327 4234 1429 4298 rorrigt
1444 4238 1497 4300 par
1513 4231 1537 4282 le
1553 4235 1650 4300 coprete
1665 4251 1697 4284 err

555 4315 684 4380 sapienti.
698 4343 729 4352 -
746 4332 769 4367 e.
789 4315 932 4366 teoderico
944 4317 980 4366 Α.
1726 4333 1762 4384 30

595 4727 599 4748 ¹
622 4715 692 4781 l'oy.
706 4715 850 4775 cidissus,
864 4733 888 4767 c.
905 4731 935 4780 29
948 4719 1020 4780 (41),
1035 4733 1081 4783 pp.
1096 4720 1128 4767 88
1141 4729 1166 4767 et
1182 4734 1254 4768 surr.

562 4812 602 4883 „¹¹
623 4804 675 4852 ¹b'ur
695 4812 769 4852 cette
787 4804 883 4854 anulio
903 4804 938 4854 de
960 4804 1090 4854 lantocrt
1116 4805 1141 4854 lt·
1162 4805 1251 4854 ,Ιυυιιυ
1272 4816 1299 4855 <rt
1321 4806 1356 4855 dt·
1376 4805 1525 4872 berenger,
1547 4824 1611 4875 vot.
1633 4824 1699 4861 mon

560 4889 647 4939 lirare
657 4892 777 4956 crr'tr'pue,
795 4905 838 4955 pp.
854 4906 895 4950 qt,
911 4904 942 4955 70
954 4902 980 4940 ul
995 4906 1066 4940 suiv.
