4450 6125
882 862 1036 947 Sancti
1065 865 1279 949 Huberti.
1595 865 1650 979 89

510 1172 609 1244 gatos
636 1159 900 1225 satisfactionem
929 1180 1028 1225 suam
1058 1163 1201 1245 dignam
1235 1163 1466 1226 misericordia
1494 1181 1651 1247 compro·
1703 1189 1776 1242 1075.

511 1267 617 1329 buret.
655 1272 802 1324 Concessit
831 1271 880 1323 ilie
909 1272 1032 1339 primum
1061 1272 1168 1339 judicio
1195 1273 1364 1339 sapientium
1399 1272 1434 1327 et
1468 1267 1650 1348 episcopali
1678 1284 1798 1350 Ruperti

510 1368 648 1430 decreto
668 1385 703 1429 se
724 1386 985 1442 consensurum,
1010 1375 1066 1427 sed
1089 1376 1128 1427 ad
1153 1378 1267 1427 horam
1292 1375 1429 1428 locutus
1452 1376 1651 1444 quibusdam
1678 1352 1793 1469 &¹12³ss

511 1478 595 1538 suis,
625 1478 701 1545 quod
733 1479 811 1545 prius
840 1480 1008 1545 promiserat
1037 1480 1149 1546 exequi,
1184 1481 1259 1550 post
1291 1477 1403 1545 publiea
1431 1479 1655 1531 contradictione
1666 1485 1743 1537 Leod
1759 1459 1808 1547 ,ti

469 1605 483 1656 5
512 1582 663 1633 recusavit.
687 1581 828 1648 Episcopo
847 1584 978 1650 exigente
1000 1592 1030 1634 ut
1050 1583 1165 1634 daretur
1186 1585 1325 1634 sententia
1349 1584 1414 1634 huic
1441 1574 1652 1638 resultationi

511 1686 544 1738 et
572 1684 773 1747 inobedientis,
794 1686 939 1737 decretum
960 1696 1002 1737 cst
1023 1686 1058 1737 ab
1077 1687 1155 1737 omni
1176 1695 1329 1748 conventu,
1352 1695 1382 1737 ut
1403 1687 1432 1737 in
1453 1700 1502 1737 sua
1525 1701 1555 1736 se
1580 1701 1654 1738 reco

510 1790 668 1849 gnosceret‚
696 1781 841 1848 ipsamque
867 1780 1005 1833 abbatiam
1033 1780 1123 1832 iibere
1148 1781 1182 1832 ad
1209 1779 1344 1847 placitum
1370 1797 1453 1833 suum
1480 1781 1653 1847 disponeret,

511 1868 592 1934 cujus
608 1866 693 1918 abbas
711 1868 858 1919 convictus
875 1868 1042 1920 criminibus
1060 1866 1149 1919 nollet
1169 1867 1209 1919 illi
1228 1868 1263 1919 ad
1280 1869 1506 1920 emendationem
1528 1867 1653 1920 obedire.

511 1952 572 2020 Nec
597 1965 721 2005 moratus
742 1953 896 2005 Guolbodo
918 1954 952 2006 ad
978 1970 1071 2022 regem
1095 1953 1251 2005 Henricum
1276 1954 1355 2016 abiit,
1379 1955 1496 2022 ejusque
1521 1953 1655 2005 violentia

453 2073 483 2110 to
510 2049 644 2100 adversus
660 2049 824 2116 episcopum
842 2059 960 2101 conatus
976 2061 1017 2101 est
1036 2066 1065 2102 se
1085 2051 1168 2101 tueri.
1192 2041 1272 2117 Qui,
1289 2043 1374 2105 dum
1395 2042 1653 2105 ecclesiasticam

512 2143 678 2223 justitiam
712 2146 854 2207 seculari
891 2146 1064 2208 audientie
1099 2145 1291 2227 prostituit,
1322 2144 1513 2207 secundum
1543 2161 1655 2206 sacros

512 2264 659 2309 canones
677 2265 816 2309 omnem
838 2248 901 2309 sibi
924 2248 1058 2311 aditum
1080 2248 1348 2329 recuperationis
1366 2248 1549 2309 obstruxit.
1568 2247 1654 2307 Nam

512 2370 564 2405 nec
577 2355 660 2422 regiis
672 2355 813 2422 precibus,
830 2367 889 2411 nec
907 2349 1009 2411 minis
1024 2358 1117 2424 potuit
1129 2358 1278 2424 episcopus
1289 2358 1392 2408 attrahi
1406 2365 1436 2408 ut
1449 2371 1514 2408 eum
1527 2357 1655 2408 restitue·

513 2458 566 2510 ret,
595 2449 753 2502 obtestatus
779 2466 809 2501 sc
837 2449 921 2502 maile
941 2452 1117 2517 episcopium
1147 2450 1181 2501 ad
1212 2461 1324 2517 tempus
1347 2451 1545 2512 intermittere,
1570 2466 1654 2519 quam

454 2560 483 2611 15
512 2546 651 2613 eiusmodi
677 2545 855 2598 insolentiam
878 2548 934 2613 pati
957 2547 1018 2597 sine
1040 2562 1164 2613 congrua
1182 2545 1380 2597 satisfactione.
1401 2538 1457 2601 Sic
1475 2538 1655 2603 Guolbodo

512 2642 722 2721 desperatus·
735 2640 945 2722 Hungariam
961 2641 969 2668 ¹
988 2641 1162 2714 concessit,
1181 2641 1327 2722 indeque
1348 2642 1390 2702 ad
1412 2658 1526 2722 regem
1542 2658 1654 2703 rever·

512 2761 587 2812 sus,
616 2742 649 2803 in
679 2742 893 2823 expeditione
925 2741 1034 2805 italica
1066 2742 1265 2822 positum²‚
1296 2742 1337 2803 ad
1369 2751 1516 2804 mortem
1547 2758 1656 2823 usque

509 2844 628 2905 domni
647 2844 782 2906 Henrici
798 2844 959 2923 episcopi,
977 2853 1132 2905 moratus
1146 2852 1197 2905 est
1213 2843 1305 2922 apud
1321 2860 1401 2905 eum
1415 2833 1437 2905 ³.

552 3050 611 3110 30.
628 3047 707 3128 (4².)
731 3044 790 3106 His
805 3043 889 3106 actis
909 3044 996 3106 circa
1014 3044 1236 3107 Leodiensem
1253 3042 1438 3125 synodum,
1455 3061 1523 3126 que
1537 3045 1654 3126 agitur

450 3171 486 3210 ιο
515 3149 550 3211 in
573 3145 657 3208 iesto
678 3144 912 3226 apostolorum
935 3144 1098 3225 Symonis
1113 3154 1147 3207 et
1161 3144 1259 3226 Jude,
1277 3145 1310 3205 in
1331 3145 1488 3227 sequenti
1503 3146 1652 3208 adventu

510 3252 661 3311 domnus
691 3251 788 3309 Anno
817 3246 995 3327 religiosus
1025 3247 1176 3326 pontifex
1206 3246 1345 3308 Colonie
1376 3246 1443 3307 vita
1473 3247 1614 3309 decessit
1629 3249 1652 3317 ⁴,
1749 3254 1752 3263 ’

511 3350 547 3412 in
571 3350 724 3411 maximo
745 3349 899 3428 dampno
921 3348 1027 3410 totius
1048 3347 1140 3409 illius
1163 3347 1335 3427 provincie
1350 3361 1376 3421 ⁴,
1392 3348 1546 3430 quinque
1563 3365 1653 3410 mar·

510 3453 591 3514 chas
608 3450 740 3532 argenti
758 3451 946 3512 moriturus
962 3452 1103 3511 mittens
1117 3449 1254 3511 ecclesie
1271 3458 1395 3512 nostre.

544 3631 570 3665 a.
591 3613 733 3678 provintie
746 3613 783 3664 A.

449 3912 481 3962 ις
548 3908 554 3934 ¹
576 3899 614 3950 Ia
637 3898 789 3965 chronique
807 3897 842 3947 de
864 3896 997 3955 Rursus,
1016 3912 1116 3948 source
1136 3898 1173 3947 du
1194 3897 1383 3948 cantatorium
1401 3913 1473 3964 pour
1493 3899 1520 3950 le
1541 3914 1655 3967 passage

511 3989 655 4044 cidessus.
674 4003 709 4036 ne
726 3986 852 4036 contient
871 4000 918 4051 pas
935 4000 967 4036 ce
984 3984 1079 4044 detail,
1098 3984 1163 4036 bien
1182 3984 1285 4052 qu'eile
1301 3986 1356 4036 soit
1370 3984 1433 4051 pius
1444 3986 1587 4054 complete
1599 4003 1654 4055 que

509 4077 549 4127 lui
567 4091 601 4126 en
620 4084 682 4124 tout
699 4088 730 4123 ce
747 4074 793 4138 qui
811 4087 950 4123 conceme
964 4071 1136 4123 Wolbodon.
1153 4070 1174 4123 ll
1187 4082 1228 4122 est
1241 4088 1256 4122 a
1270 4088 1432 4138 remarquer
1449 4073 1583 4124 touteiois
1599 4090 1654 4140 que

507 4163 535 4214 le
551 4162 738 4211 cantatorium
753 4160 840 4224 parait
854 4174 882 4208 se
897 4169 1061 4208 rencontrer
1078 4159 1112 4208 ici
1131 4174 1198 4208 avec
1217 4157 1349 4208 [ambert
1366 4159 1401 4208 de
1416 4158 1545 4219 Hersied,
1560 4159 1653 4226 lequel

509 4248 587 4315 parlc
599 4247 665 4297 d'un
679 4260 785 4312 voyage
797 4244 917 4295 d'Henri
932 4243 969 4293 tv
981 4260 1016 4293 en
1033 4243 1169 4311 1101111110,
1183 4259 1217 4294 en
1230 4254 1364 4295 automne
1381 4257 1455 4309 1075:
1468 4262 1532 4312 voy.
1546 4245 1653 4297 Mersit

445 4349 481 4399 30
510 4349 568 4387 vox
584 4333 721 4393 Kxouxu,
734 4349 809 4383 uitur.
822 4335 880 4387 citi,
897 4340 916 4383 t.
933 4331 968 4390 11,
983 4347 1010 4397 p.
1025 4344 1081 4395 52¹·

544 4432 552 4457 ¹
574 4422 662 4473 Henri
684 4420 721 4471 lV
742 4419 861 4469 franchit
880 4418 920 4468 les
940 4418 1027 4484 Alpes
1045 4435 1080 4469 en
1101 4420 1182 4469 hiver
1204 4418 1358 4482 10761077:
1379 4416 1399 4467 il
1417 4416 1447 4468 fit
1468 4419 1652 4484 penitenceit

506 4510 629 4560 (Lanossa
641 4511 657 4558 a
669 4506 694 4558 la
708 4506 745 4556 im
759 4507 793 4556 de
805 4506 913 4571 janvier
927 4520 1001 4569 1057:
1017 4504 1042 4556 la
1055 4520 1207 4572 campagus
1218 4504 1337 4565 d'italie,
1350 4506 1398 4571 qui
1411 4506 1528 4557 s’ouvrit
1542 4507 1652 4560 bientbt

505 4599 588 4662 apres
600 4604 628 4644 et
640 4595 709 4644 dont
724 4593 800 4659 parle
814 4603 895 4643 notre
911 4593 1071 4660 tironique,
1088 4593 1157 4644 dura
1169 4593 1243 4643 deux
1256 4608 1315 4644 ans.

541 4690 551 4726 1
571 4680 660 4732 Henri
678 4680 713 4729 de
726 4679 840 4730 Verdun
861 4689 974 4729 mourut
991 4679 1017 4729 le
1032 4694 1058 4741 3¹
1076 4681 1129 4730 mai
1147 4694 1218 4744 1091,
1233 4695 1298 4746 voy.
1311 4680 1475 4740 cideesous
1493 4696 1516 4732 c.
1532 4683 1564 4743 60
1577 4683 1648 4747 (81).

443 4784 475 4834 35
507 4769 562 4821 Sur
578 4769 618 4819 les
635 4769 771 4831 intrigues
787 4767 821 4816 dt·
840 4766 1000 4817 ii'olbodon
1017 4771 1032 4816 i
1049 4767 1175 4816 diverses
1192 4768 1321 4833 reprises,
1339 4776 1514 4818 notamment
1530 4784 1566 4818 en
1590 4769 1651 4832 1076

505 4865 533 4905 et
551 4855 701 4919 1079-1080,
716 4869 781 4919 vtiy.
797 4852 929 4910 Rut‘tettr,
946 4852 1107 4907 chronicon,
1124 4867 1148 4903 c.
1162 4868 1204 4913 tt.

539 4952 550 4983 ⁴
570 4940 642 5006 Voy.
659 4938 767 4990 Mnrntt
786 4951 842 4988 vos·
863 4937 1000 4997 iixoxtr,
1014 4954 1089 4987 naar.
1100 4940 1159 4991 citt,
1176 4948 1196 4986 t.
1211 4936 1247 4993 11,
1262 4952 1309 5002 pp.
1324 4950 1372 5000 590
1383 4946 1410 4985 et
1424 4938 1497 4986 suiv.
1512 4934 1566 4985 Sur
1578 4938 1648 4985 saint

508 5029 622 5088 Annon,
635 5025 686 5078 cir.
698 5025 843 5085 cidessus,
857 5042 884 5091 p.
900 5038 940 5087 30,
955 5040 982 5075 n.
998 5038 1021 5086 3.
