4450 6125
621 858 702 941 218
835 856 1147 938 cantatorium
1177 861 1270 937 siue
1305 856 1555 937 Chronicon

617 1156 704 1218 beati
736 1154 891 1228 liuberti,
921 1156 1178 1234 expostulantes
1206 1173 1285 1216 cum
1314 1152 1475 1226 lacrimis,
1502 1169 1628 1233 corpus
1653 1152 1758 1234 ejus⁴

614 1257 758 1320 Otberto
774 1258 976 1335 presentari,
992 1257 1019 1317 si
1034 1254 1119 1318 forte
1140 1257 1192 1317 vel
1212 1255 1259 1316 sic
1277 1255 1490 1335 resipisceret
1507 1253 1551 1314 ab
1566 1253 1759 1318 intentione

614 1355 718 1435 hujus
733 1373 793 1416 sue
809 1354 1012 1434 inceptionis
1024 1362 1045 1417 ¹.
1060 1355 1174 1417 Coaeti
1189 1353 1311 1418 fratres
1326 1372 1394 1416 non
1410 1351 1544 1417 solum⁸
1557 1354 1760 1419 necessitate

612 1455 802 1527 communi,
825 1454 882 1516 sed
909 1466 942 1516 et
967 1457 1120 1535 propria,
1144 1474 1211 1538 que
1237 1456 1347 1538 magis
1368 1457 1654 1538 preponderabat,
1677 1458 1761 1522 licet

612 1556 716 1617 nimis
740 1556 942 1628 inconsulte,
968 1567 1074 1638 utque
1096 1556 1135 1619 lit
1156 1561 1191 1618 in
1218 1575 1336 1618 rerum
1362 1557 1590 1620 tumultuaria
1616 1567 1760 1639 pertur-
1804 1578 1816 1628 5

612 1657 758 1731 batione,
796 1657 899 1719 nullis
936 1659 1116 1739 premissis
1155 1657 1303 1738 jejuniis,
1341 1658 1446 1721 nullis
1481 1658 1620 1740 vigiliis,
1658 1659 1759 1723 nullo

608 1765 777 1839 apparatu
804 1760 908 1835 hujus
935 1758 1157 1834 executionis,
1185 1768 1365 1838 assumpto
1391 1759 1479 1820 beati
1506 1757 1570 1820 viri
1596 1775 1778 1838 corpore„

610 1869 846 1938 processerunt
863 1859 966 1920 nudis
981 1859 1128 1939 pedibus
1143 1869 1176 1920 et
1191 1869 1312 1938 operto
1330 1859 1450 1940 capite.
1468 1858 1608 1920 Videres
1622 1858 1758 1938 passim

608 1960 886 2021 concurrentium
914 1960 1034 2021 turbas
1063 1958 1182 2040 augeri
1195 1971 1219 2033 ⁶,
1245 1959 1409 2040 luctuque
1439 1958 1597 2039 populari
1627 1976 1757 2022 canen·

607 2061 696 2122 tium
721 2059 864 2120 letanias
888 2069 922 2120 et
947 2059 1098 2138 psalmos
1123 2058 1281 2139 deprimi.
1306 2059 1446 2122 Audivit
1467 2058 1645 2134 otbertus,
1661 2061 1755 2123 tanti
1785 2083 1814 2118 ιο

606 2157 778 2237 pontificis
799 2159 1004 2221 auctoritate
1026 2177 1061 2221 se
1082 2159 1217 2241 insequi
1229 2161 1252 2236 ²,
1269 2172 1302 2221 et
1315 2159 1358 2221 ad
1375 2161 1498 2222 horam
1513 2157 1630 2222 furore
1651 2159 1754 2223 dissi·

605 2257 770 2320 mulatod
795 2276 1002 2340 ascensoque
1031 2278 1131 2338 equo,
1158 2278 1238 2322 cum
1268 2260 1340 2323 suis
1367 2267 1402 2321 et
1428 2261 1502 2340 ipse
1531 2260 1755 2326 venientibus

603 2360 740 2421 obviam
755 2359 930 2439 processit.
951 2359 1110 2423 Pretenta
1126 2378 1208 2423 vero
1223 2362 1399 2441 paulisper
1414 2360 1608 2424 reverentia
1622 2362 1753 2425 oratio-

602 2461 666 2534 nis,
683 2471 760 2541 post
781 2461 1015 2541 aspersionem
1036 2479 1125 2543 aque
1148 2462 1334 2536 benedicte,
1349 2461 1440 2523 inter
1457 2459 1749 2539 thurificandum,

600 2560 726 2625 fustem
748 2562 789 2622 ad
813 2564 877 2623 hoc
900 2561 1017 2642 ipsum
1038 2574 1199 2644 paratum
1214 2563 1374 2643 arripuit,
1390 2574 1425 2626 et
1439 2563 1481 2624 de
1496 2563 1582 2625 cesis
1594 2560 1750 2626 fratrum
1781 2582 1808 2633 ις

599 2662 769 2742 capitibus
793 2663 960 2743 sanguine
981 2661 1069 2739 fuso,
1092 2681 1154 2743 per
1177 2663 1300 2724 silvam
1326 2664 1481 2743 palantes
1506 2664 1574 2724 huc
1594 2661 1750 2743 illucque

598 2763 759 2843 dispersit
772 2775 795 2824 ⁶.
824 2763 935 2844 Super
958 2771 1093 2826 tantam
1120 2774 1260 2844 tamque
1285 2764 1490 2841 injuriosam
1511 2762 1749 2826 temeritatem

598 2863 851 2926 demirantibus
882 2864 994 2926 turbis
1025 2863 1227 2944 justitiam!
1254 2864 1461 2937 Altissimit,
1491 2863 1552 2944 qui
1584 2880 1668 2925 cum
1699 2862 1748 2926 sit

596 2963 758 3043 patiens*
786 2965 949 3037 redditor,
979 2966 1172 3027 secundum
1202 2965 1464 3027 multitudinem
1496 2965 1547 3026 ire
1578 2981 1640 3026 sue
1671 2981 1745 3028 non

627 3202 653 3237 a.
679 3184 759 3235 Dans
780 3186 818 3241 A.
841 3201 874 3234 on
895 3183 927 3234 lit
947 3199 1050 3249 corpus
1070 3184 1131 3250 ejus
1150 3199 1214 3234 eum
1235 3182 1358 3234 lacrimis
1378 3199 1448 3233 corr.
1469 3199 1501 3232 en
1522 3197 1546 3233 c.
1568 3181 1589 3233 1.
1610 3197 1636 3235 c.
1657 3198 1686 3235 e.
1705 3210 1743 3221 -
1773 3194 1809 3232 20

594 3271 617 3325 b.
636 3272 717 3323 Dans
728 3272 765 3328 A.
781 3287 839 3324 non
851 3272 944 3324 solum
956 3289 972 3321 a
984 3275 1022 3320 tte
1031 3274 1125 3337 rtpltt,
1137 3273 1201 3338 puis
1212 3269 1284 3336 diffie.
1297 3298 1328 3308 -
1346 3287 1370 3322 c.
1388 3269 1464 3338 ageri
1475 3269 1513 3321 Α.
1526 3298 1560 3307 -
1576 3269 1603 3320 d.
1621 3268 1744 3320 disimu-

595 3358 652 3410 lato
669 3360 706 3408 A.
725 3388 758 3396 -
782 3375 805 3409 e.
829 3358 909 3409 Dans
930 3360 967 3414 A,
991 3361 1067 3421 apris
1087 3357 1221 3423 dispersit
1240 3374 1273 3407 on
1294 3356 1327 3407 lit
1348 3374 1358 3405 .·
1378 3359 1458 3409 cuius
1477 3356 1588 3408 evectio
1605 3384 1639 3394 -
1654 3383 1690 3393 —
1706 3384 1743 3394 —

594 3446 693 3508 caruit,
721 3462 776 3512 voy.
804 3446 961 3500 ci·dcssous,·
987 3446 1057 3495 trariis
1079 3445 1123 3494 des
1145 3443 1264 3494 lettrines
1288 3444 1426 3511 indiquent
1450 3442 1520 3511 qu’il
1534 3443 1603 3510 saut
1626 3440 1745 3495 'tradiit

593 3531 694 3582 l'ordrc
709 3549 809 3583 contine
826 3533 960 3582 ci-dessus.
973 3560 1006 3568 -
1016 3531 1044 3597 s.
1066 3531 1145 3581 Dans
1157 3531 1194 3585 A.
1215 3530 1238 3581 lc
1255 3532 1350 3597 copistc
1365 3532 1439 3580 avait
1455 3530 1521 3581 terit
1537 3529 1741 3591 iustissimam:

594 3619 617 3668 il
633 3637 650 3669 a
670 3621 771 3670 ensuite
790 3622 855 3669 derit
875 3620 1012 3669 atr-dcssus
1032 3619 1062 3668 de
1082 3618 1109 3669 lu
1129 3617 1201 3685 ligne
1221 3617 1266 3670 vel
1289 3618 1465 3685 (iusti)tiam.
1487 3646 1519 3656 -
1539 3634 1568 3684 g.
1593 3617 1677 3668 Dans
1696 3617 1739 3675 A.
1773 3628 1806 3680 25

591 3710 669 3773 apris
687 3706 817 3757 altissimi
837 3723 869 3756 on
890 3705 923 3756 lit
943 3706 1105 3767 vindictam,
1128 3708 1197 3756 nrais
1216 3709 1368 3771 exponant.
1387 3734 1421 3743 —
1439 3703 1466 3755 l.
1489 3704 1570 3755 Dans
1588 3703 1627 3760 A.
1650 3720 1686 3754 on
1706 3702 1744 3756 lit

594 3793 763 3859 patientiens
774 3793 876 3858 corrige
884 3798 937 3862 par
946 3794 1148 3860 exponcluation
1161 3809 1192 3841 cn
1206 3791 1325 3857 patiens·

626 4124 634 4152 ¹
654 4115 771 4185 L’usage
794 4116 829 4167 de
852 4115 920 4167 taire
943 4118 1099 4169 intervenit
1119 4118 1189 4169 ainsi
1211 4118 1252 4169 les
1273 4118 1395 4185 reliques
1417 4117 1468 4169 des
1489 4116 1578 4168 saints
1600 4116 1672 4169 dans
1696 4117 1742 4171 les

591 4205 740 4255 situations
762 4203 943 4269 desespere'es
965 4215 1007 4256 est
1032 4204 1162 4272 frequent
1185 4209 1201 4256 t
1224 4214 1299 4257 cette
1324 4206 1448 4272 epoque,·
1475 4204 1740 4272 t’uistoriognphie

591 4287 724 4357 liegeoise
739 4289 788 4340 des
806 4288 938 4341 ΧΙθ-ΧΙΙο
950 4289 1048 4342 siecles
1060 4306 1095 4341 en
1109 4289 1215 4342 lournit
1227 4291 1302 4342 deux
1314 4290 1459 4356 exemplos
1471 4288 1739 4355 particulibremcnt
1769 4304 1805 4355 30

592 4376 779 4427 memorables
797 4391 804 4426 ε
823 4376 851 4426 le
871 4376 1037 4444 Triumphus
1054 4381 1143 4428 sancti
1158 4377 1283 4429 Rcmacli
1298 4378 1329 4426 de
1344 4376 1596 4427 illalmundan'ensi
1610 4373 1736 4432 molto,

591 4461 706 4518 MGH„
728 4462 791 4519 SS..
812 4473 832 4513 t.
852 4462 901 4523 xl,
922 4479 970 4530 pp.
990 4460 1097 4527 4'33-461
1118 4463 1179 4529 (clr.
1201 4464 1311 4515 listas
1332 4476 1390 4515 vos
1412 4461 1552 4525 Kromu,
1572 4475 1650 4513 onor.
1672 4463 1736 4519 clu,

592 4554 612 4596 t.
627 4545 663 4607 ll,
678 4563 725 4612 pp.
745 4561 776 4611 47
795 4559 823 4598 et
841 4548 934 4606 suisa).
956 4561 984 4599 et
1006 4550 1032 4600 le
1053 4548 1220 4615 Triumphus
1240 4550 1270 4602 S.
1288 4548 1428 4600 lamberti
1442 4549 1473 4598 de
1488 4555 1575 4599 castro
1592 4546 1735 4606 Bulunu,

591 4630 664 4688 idid..
681 4643 701 4683 t.
715 4631 776 4693 XX,
791 4648 837 4699 pp.
852 4648 971 4700 49l·51¹·
991 4634 1045 4686 Sur
1062 4635 1089 4686 le
1107 4637 1251 4702 triumphe
1267 4635 1302 4687 de
1319 4636 1392 4687 saint
1404 4633 1569 4686 Lamberta
1586 4632 1735 4698 Bouillon,

591 4734 656 4785 voy.
669 4719 813 4780 cidessus,
829 4736 875 4786 pp.
890 4721 938 4772 206
950 4731 978 4772 et
992 4736 1049 4787 207,
1063 4739 1089 4772 n.
1105 4737 1128 4773 1.
1763 4731 1798 4784 ³⁵

622 4812 634 4840 ⁸
652 4804 705 4856 Cet
722 4805 828 4872 emploi
846 4807 883 4858 du
901 4808 1045 4874 deponent
1061 4824 1129 4859 avec
1146 4808 1173 4859 la
1191 4807 1377 4878 signification
1396 4808 1506 4876 passive
1521 4815 1565 4859 est
1581 4821 1660 4860 assez
1679 4803 1735 4860 ir&-

590 4902 678 4957 quent
690 4895 757 4944 cheu
769 4903 852 4945 notre
864 4896 1069 4963 chroniqueur;
1083 4895 1135 4949 clr.
1149 4896 1312 4958 cidessous,
1325 4912 1350 4949 c.
1363 4910 1405 4963 90,
1418 4896 1498 4947 tueri.
