<?xml version="1.0" encoding="UTF-8"?>
<!DOCTYPE html PUBLIC "-//W3C//DTD XHTML 1.0 Transitional//EN"
    "http://www.w3.org/TR/xhtml1/DTD/xhtml1-transitional.dtd">
<html xmlns="http://www.w3.org/1999/xhtml" xml:lang="en" lang="en">
 <head>
  <title>
</title>
<meta http-equiv="Content-Type" content="text/html;charset=utf-8" />
  <meta name='ocr-system' content='tesseract 3.04.00' />
  <meta name='ocr-capabilities' content='ocr_page ocr_carea ocr_par ocr_line ocrx_word'/>
</head>
<body>
  <div class='ocr_page' id='page_1' title='image "./lachroniquedesa00minogoog_0144.png"; bbox 0 0 4450 6125; ppageno 0'>
   <div class='ocr_carea' id='block_1_1' title="bbox 560 866 1485 954">
    <p class='ocr_par' dir='ltr' id='par_1_1' title="bbox 560 866 1485 954">
     <span class='ocr_line' id='line_1_1' title="bbox 560 866 1485 954; baseline 0.003 -5"><span class='ocrx_word' id='word_1_1' title='bbox 560 866 611 949; x_wconf 82' lang='lat'><strong><em>82</em></strong></span> <span class='ocrx_word' id='word_1_2' title='bbox 767 870 1077 951; x_wconf 81' lang='lat' dir='ltr'><strong><em>Cantatorium</em></strong></span> <span class='ocrx_word' id='word_1_3' title='bbox 1107 874 1200 950; x_wconf 81' lang='lat' dir='ltr'><strong><em>siue</em></strong></span> <span class='ocrx_word' id='word_1_4' title='bbox 1234 871 1485 954; x_wconf 73' lang='lat' dir='ltr'><strong><em>Chronieon</em></strong></span> 
     </span>
    </p>
   </div>
   <div class='ocr_carea' id='block_1_2' title="bbox 542 1170 1774 3886">
    <p class='ocr_par' dir='ltr' id='par_1_2' title="bbox 542 1170 1774 3886">
     <span class='ocr_line' id='line_1_2' title="bbox 559 1170 1703 1251; baseline 0.003 -21"><span class='ocrx_word' id='word_1_5' title='bbox 559 1171 645 1230; x_wconf 88' lang='lat' dir='ltr'><strong><em>tione</em></strong></span> <span class='ocrx_word' id='word_1_6' title='bbox 670 1171 706 1230; x_wconf 91' lang='lat' dir='ltr'><strong><em>in</em></strong></span> <span class='ocrx_word' id='word_1_7' title='bbox 732 1171 867 1230; x_wconf 91' lang='lat' dir='ltr'><strong><em>tutelam</em></strong></span> <span class='ocrx_word' id='word_1_8' title='bbox 896 1171 1039 1251; x_wconf 81' lang='lat' dir='ltr'><strong><em>ejusdem</em></strong></span> <span class='ocrx_word' id='word_1_9' title='bbox 1060 1170 1147 1231; x_wconf 89' lang='lat' dir='ltr'><strong><em>sedis</em></strong></span> <span class='ocrx_word' id='word_1_10' title='bbox 1168 1170 1343 1245; x_wconf 90' lang='lat' dir='ltr'><strong><em>apostolice</em></strong></span> <span class='ocrx_word' id='word_1_11' title='bbox 1364 1189 1396 1230; x_wconf 89' lang='lat' dir='ltr'><strong><em>se</em></strong></span> <span class='ocrx_word' id='word_1_12' title='bbox 1417 1172 1643 1242; x_wconf 87' lang='lat' dir='ltr'><strong><em>contulerunt,</em></strong></span> <span class='ocrx_word' id='word_1_13' title='bbox 1667 1179 1703 1233; x_wconf 90' lang='lat' dir='ltr'><strong><em>ut</em></strong></span> 
     </span>
     <span class='ocr_line' id='line_1_3' title="bbox 559 1270 1703 1350; baseline 0.002 -20"><span class='ocrx_word' id='word_1_14' title='bbox 559 1271 694 1350; x_wconf 87' lang='lat' dir='ltr'><strong><em>speciali</em></strong></span> <span class='ocrx_word' id='word_1_15' title='bbox 714 1272 854 1332; x_wconf 72' lang='lat' dir='ltr'><strong><em>karitate</em></strong></span> <span class='ocrx_word' id='word_1_16' title='bbox 878 1282 908 1332; x_wconf 90' lang='lat' dir='ltr'><strong><em>et</em></strong></span> <span class='ocrx_word' id='word_1_17' title='bbox 932 1272 1043 1332; x_wconf 91' lang='lat' dir='ltr'><strong><em>studio</em></strong></span> <span class='ocrx_word' id='word_1_18' title='bbox 1068 1289 1126 1331; x_wconf 91' lang='lat' dir='ltr'><strong><em>sue</em></strong></span> <span class='ocrx_word' id='word_1_19' title='bbox 1152 1270 1269 1330; x_wconf 81' lang='lat' dir='ltr'><strong><em>matris</em></strong></span> <span class='ocrx_word' id='word_1_20' title='bbox 1295 1270 1445 1349; x_wconf 90' lang='lat' dir='ltr'><strong><em>amplexe</em></strong></span> <span class='ocrx_word' id='word_1_21' title='bbox 1471 1289 1703 1350; x_wconf 78' lang='lat' dir='ltr'><strong><em>usquequaque</em></strong></span> 
     </span>
     <span class='ocr_line' id='line_1_4' title="bbox 558 1372 1700 1451; baseline 0.002 -19"><span class='ocrx_word' id='word_1_22' title='bbox 558 1373 740 1434; x_wconf 83' lang='lat' dir='ltr'><strong><em>securiores</em></strong></span> <span class='ocrx_word' id='word_1_23' title='bbox 753 1381 782 1433; x_wconf 92' lang='lat' dir='ltr'><strong><em>et</em></strong></span> <span class='ocrx_word' id='word_1_24' title='bbox 798 1373 965 1434; x_wconf 80' lang='lat' dir='ltr'><strong><em>liberiores</em></strong></span> <span class='ocrx_word' id='word_1_25' title='bbox 981 1372 1021 1433; x_wconf 83' lang='lat' dir='ltr'><strong><em>ab</em></strong></span> <span class='ocrx_word' id='word_1_26' title='bbox 1035 1372 1128 1432; x_wconf 91' lang='lat' dir='ltr'><strong><em>omni</em></strong></span> <span class='ocrx_word' id='word_1_27' title='bbox 1141 1372 1346 1450; x_wconf 79' lang='lat' dir='ltr'><strong><em>infestatione</em></strong></span> <span class='ocrx_word' id='word_1_28' title='bbox 1360 1373 1587 1446; x_wconf 78' lang='lat' dir='ltr'><strong><em>consisterent,</em></strong></span> <span class='ocrx_word' id='word_1_29' title='bbox 1604 1391 1700 1451; x_wconf 88' lang='lat' dir='ltr'><strong><em>quas,</em></strong></span> 
     </span>
     <span class='ocr_line' id='line_1_5' title="bbox 561 1472 1701 1554; baseline 0.003 -21"><span class='ocrx_word' id='word_1_30' title='bbox 561 1479 596 1534; x_wconf 95' lang='lat' dir='ltr'><strong><em>ul</em></strong></span> <span class='ocrx_word' id='word_1_31' title='bbox 617 1474 760 1553; x_wconf 89' lang='lat' dir='ltr'><strong><em>dignum</em></strong></span> <span class='ocrx_word' id='word_1_32' title='bbox 782 1480 863 1545; x_wconf 87' lang='lat' dir='ltr'><strong><em>erat,</em></strong></span> <span class='ocrx_word' id='word_1_33' title='bbox 888 1474 933 1535; x_wconf 90' lang='lat' dir='ltr'><strong><em>ila</em></strong></span> <span class='ocrx_word' id='word_1_34' title='bbox 956 1474 1105 1534; x_wconf 88' lang='lat' dir='ltr'><strong><em>Romana</em></strong></span> <span class='ocrx_word' id='word_1_35' title='bbox 1127 1473 1266 1551; x_wconf 81' lang='lat' dir='ltr'><strong><em>suscepit</em></strong></span> <span class='ocrx_word' id='word_1_36' title='bbox 1287 1472 1430 1545; x_wconf 87' lang='lat' dir='ltr'><strong><em>ecclesia,</em></strong></span> <span class='ocrx_word' id='word_1_37' title='bbox 1450 1479 1604 1554; x_wconf 88' lang='lat' dir='ltr'><strong><em>tantaque</em></strong></span> <span class='ocrx_word' id='word_1_38' title='bbox 1625 1493 1701 1552; x_wconf 85' lang='lat' dir='ltr'><strong><em>pro·</em></strong></span> 
     </span>
     <span class='ocr_line' id='line_1_6' title="bbox 558 1574 1698 1654; baseline 0 -18"><span class='ocrx_word' id='word_1_39' title='bbox 558 1575 637 1636; x_wconf 81' lang='lat' dir='ltr'><strong><em>texit</em></strong></span> <span class='ocrx_word' id='word_1_40' title='bbox 667 1576 811 1654; x_wconf 87' lang='lat' dir='ltr'><strong><em>undique</em></strong></span> <span class='ocrx_word' id='word_1_41' title='bbox 839 1575 1029 1654; x_wconf 80' lang='lat' dir='ltr'><strong><em>diligentia,</em></strong></span> <span class='ocrx_word' id='word_1_42' title='bbox 1061 1580 1098 1635; x_wconf 94' lang='lat' dir='ltr'><strong><em>ul</em></strong></span> <span class='ocrx_word' id='word_1_43' title='bbox 1127 1575 1278 1634; x_wconf 84' lang='lat' dir='ltr'><strong><em>omnibus</em></strong></span> <span class='ocrx_word' id='word_1_44' title='bbox 1311 1574 1516 1635; x_wconf 90' lang='lat' dir='ltr'><strong><em>munimenta</em></strong></span> <span class='ocrx_word' id='word_1_45' title='bbox 1546 1576 1698 1652; x_wconf 89' lang='lat' dir='ltr'><strong><em>presidii,</em></strong></span> 
     </span>
     <span class='ocr_line' id='line_1_7' title="bbox 558 1674 1700 1757; baseline 0 -20"><span class='ocrx_word' id='word_1_46' title='bbox 558 1679 728 1738; x_wconf 90' lang='lat' dir='ltr'><strong><em>nonnullis</em></strong></span> <span class='ocrx_word' id='word_1_47' title='bbox 743 1696 871 1757; x_wconf 89' lang='lat' dir='ltr'><strong><em>quoque</em></strong></span> <span class='ocrx_word' id='word_1_48' title='bbox 884 1677 1035 1757; x_wconf 88' lang='lat' dir='ltr'><strong><em>gratiam</em></strong></span> <span class='ocrx_word' id='word_1_49' title='bbox 1050 1675 1213 1754; x_wconf 78' lang='lat' dir='ltr'><strong><em>conferret</em></strong></span> <span class='ocrx_word' id='word_1_50' title='bbox 1228 1676 1386 1754; x_wconf 87' lang='lat' dir='ltr'><strong><em>augendi.</em></strong></span> <span class='ocrx_word' id='word_1_51' title='bbox 1405 1674 1510 1754; x_wconf 90' lang='lat' dir='ltr'><strong><em>Cujus</em></strong></span> <span class='ocrx_word' id='word_1_52' title='bbox 1526 1675 1576 1734; x_wconf 91' lang='lat' dir='ltr'><strong><em>rei</em></strong></span> <span class='ocrx_word' id='word_1_53' title='bbox 1588 1677 1700 1753; x_wconf 86' lang='lat' dir='ltr'><strong><em>pluri·</em></strong></span> 
     </span>
     <span class='ocr_line' id='line_1_8' title="bbox 559 1777 1702 1858; baseline -0.001 -19"><span class='ocrx_word' id='word_1_54' title='bbox 559 1799 611 1839; x_wconf 90' lang='lat' dir='ltr'><strong><em>mo</em></strong></span> <span class='ocrx_word' id='word_1_55' title='bbox 634 1781 727 1840; x_wconf 81' lang='lat' dir='ltr'><strong><em>nobis</em></strong></span> <span class='ocrx_word' id='word_1_56' title='bbox 746 1780 893 1858; x_wconf 69' lang='lat' dir='ltr'><strong><em>exempla</em></strong></span> <span class='ocrx_word' id='word_1_57' title='bbox 915 1779 1116 1840; x_wconf 84' lang='lat' dir='ltr'><strong><em>sanctissimi</em></strong></span> <span class='ocrx_word' id='word_1_58' title='bbox 1136 1778 1203 1838; x_wconf 88' lang='lat' dir='ltr'><strong><em>viri</em></strong></span> <span class='ocrx_word' id='word_1_59' title='bbox 1225 1777 1441 1856; x_wconf 90' lang='lat' dir='ltr'><strong><em>reliquerunt,</em></strong></span> <span class='ocrx_word' id='word_1_60' title='bbox 1465 1778 1525 1856; x_wconf 91' lang='lat' dir='ltr'><strong><em>qui</em></strong></span> <span class='ocrx_word' id='word_1_61' title='bbox 1545 1783 1621 1838; x_wconf 90' lang='lat' dir='ltr'><strong><em>ante</em></strong></span> <span class='ocrx_word' id='word_1_62' title='bbox 1643 1796 1702 1839; x_wconf 88' lang='lat' dir='ltr'><strong><em>nos</em></strong></span> 
     </span>
     <span class='ocr_line' id='line_1_9' title="bbox 557 1878 1701 1966; baseline 0 -26"><span class='ocrx_word' id='word_1_63' title='bbox 557 1882 591 1941; x_wconf 88' lang='lat' dir='ltr'><strong><em>in</em></strong></span> <span class='ocrx_word' id='word_1_64' title='bbox 613 1881 672 1942; x_wconf 90' lang='lat' dir='ltr'><strong><em>illa</em></strong></span> <span class='ocrx_word' id='word_1_65' title='bbox 694 1900 793 1960; x_wconf 91' lang='lat' dir='ltr'><strong><em>quam</em></strong></span> <span class='ocrx_word' id='word_1_66' title='bbox 818 1882 966 1942; x_wconf 79' lang='lat' dir='ltr'><strong><em>diximus</em></strong></span> <span class='ocrx_word' id='word_1_67' title='bbox 993 1880 1170 1959; x_wconf 88' lang='lat' dir='ltr'><strong><em>apostolice</em></strong></span> <span class='ocrx_word' id='word_1_68' title='bbox 1196 1880 1267 1939; x_wconf 90' lang='lat' dir='ltr'><strong><em>sede</em></strong></span> <span class='ocrx_word' id='word_1_69' title='bbox 1283 1878 1467 1958; x_wconf 77' lang='lat' dir='ltr'><strong><em>fulgentes,</em></strong></span> <span class='ocrx_word' id='word_1_70' title='bbox 1494 1898 1554 1966; x_wconf 87' lang='lat' dir='ltr'><strong><em>pro</em></strong></span> <span class='ocrx_word' id='word_1_71' title='bbox 1576 1881 1701 1943; x_wconf 84' lang='lat' dir='ltr'><strong><em>honore</em></strong></span> 
     </span>
     <span class='ocr_line' id='line_1_10' title="bbox 554 1981 1699 2060; baseline 0.002 -20"><span class='ocrx_word' id='word_1_72' title='bbox 554 1981 763 2042; x_wconf 86' lang='lat' dir='ltr'><strong><em>ecclesiarum</em></strong></span> <span class='ocrx_word' id='word_1_73' title='bbox 785 1981 848 2041; x_wconf 91' lang='lat' dir='ltr'><strong><em>Dei</em></strong></span> <span class='ocrx_word' id='word_1_74' title='bbox 868 1986 898 2041; x_wconf 95' lang='lat' dir='ltr'><strong><em>et</em></strong></span> <span class='ocrx_word' id='word_1_75' title='bbox 919 1981 1120 2043; x_wconf 91' lang='lat' dir='ltr'><strong><em>exaltatione</em></strong></span> <span class='ocrx_word' id='word_1_76' title='bbox 1147 1998 1261 2041; x_wconf 91' lang='lat' dir='ltr'><strong><em>earum</em></strong></span> <span class='ocrx_word' id='word_1_77' title='bbox 1288 1982 1398 2060; x_wconf 89' lang='lat' dir='ltr'><strong><em>magis</em></strong></span> <span class='ocrx_word' id='word_1_78' title='bbox 1422 1999 1522 2060; x_wconf 90' lang='lat' dir='ltr'><strong><em>quam</em></strong></span> <span class='ocrx_word' id='word_1_79' title='bbox 1548 1999 1610 2057; x_wconf 91' lang='lat' dir='ltr'><strong><em>pro</em></strong></span> <span class='ocrx_word' id='word_1_80' title='bbox 1631 1983 1699 2042; x_wconf 84' lang='lat' dir='ltr'><strong><em>uita</em></strong></span> 
     </span>
     <span class='ocr_line' id='line_1_11' title="bbox 554 2080 1774 2159; baseline -0.001 -17"><span class='ocrx_word' id='word_1_81' title='bbox 554 2089 612 2143; x_wconf 93' lang='lat' dir='ltr'><strong><em>aul</em></strong></span> <span class='ocrx_word' id='word_1_82' title='bbox 639 2083 745 2144; x_wconf 89' lang='lat' dir='ltr'><strong><em>salute</em></strong></span> <span class='ocrx_word' id='word_1_83' title='bbox 773 2100 833 2142; x_wconf 91' lang='lat' dir='ltr'><strong><em>sua</em></strong></span> <span class='ocrx_word' id='word_1_84' title='bbox 862 2082 996 2142; x_wconf 90' lang='lat' dir='ltr'><strong><em>solliciti</em></strong></span> <span class='ocrx_word' id='word_1_85' title='bbox 1023 2080 1175 2159; x_wconf 77' lang='lat' dir='ltr'><strong><em>suerunt,</em></strong></span> <span class='ocrx_word' id='word_1_86' title='bbox 1203 2081 1413 2159; x_wconf 83' lang='lat' dir='ltr'><strong><em>suscipientes</em></strong></span> <span class='ocrx_word' id='word_1_87' title='bbox 1442 2085 1643 2142; x_wconf 82' lang='lat' dir='ltr'><strong><em>monasteria</em></strong></span> <span class='ocrx_word' id='word_1_88' title='bbox 1667 2088 1698 2144; x_wconf 90' lang='lat' dir='ltr'><strong><em>et</em></strong></span> <span class='ocrx_word' id='word_1_89' title='bbox 1727 2106 1774 2144; x_wconf 85' lang='lat'><strong><em>1:</em></strong></span> 
     </span>
     <span class='ocr_line' id='line_1_12' title="bbox 554 2182 1698 2262; baseline 0.003 -20"><span class='ocrx_word' id='word_1_90' title='bbox 554 2184 750 2244; x_wconf 80' lang='lat' dir='ltr'><strong><em>venerabilia</em></strong></span> <span class='ocrx_word' id='word_1_91' title='bbox 783 2183 851 2243; x_wconf 90' lang='lat' dir='ltr'><strong><em>loca</em></strong></span> <span class='ocrx_word' id='word_1_92' title='bbox 885 2185 921 2244; x_wconf 89' lang='lat' dir='ltr'><strong><em>in</em></strong></span> <span class='ocrx_word' id='word_1_93' title='bbox 954 2183 1178 2262; x_wconf 77' lang='lat' dir='ltr'><strong><em>patrocinium</em></strong></span> <span class='ocrx_word' id='word_1_94' title='bbox 1214 2182 1390 2260; x_wconf 90' lang='lat' dir='ltr'><strong><em>apostolice</em></strong></span> <span class='ocrx_word' id='word_1_95' title='bbox 1421 2183 1632 2259; x_wconf 75' lang='lat' dir='ltr'><strong><em>defensionis,</em></strong></span> <span class='ocrx_word' id='word_1_96' title='bbox 1666 2189 1698 2245; x_wconf 90' lang='lat' dir='ltr'><strong><em>et</em></strong></span> 
     </span>
     <span class='ocr_line' id='line_1_13' title="bbox 552 2284 1697 2364; baseline 0.001 -19"><span class='ocrx_word' id='word_1_97' title='bbox 552 2285 782 2364; x_wconf 75' lang='lat' dir='ltr'><strong><em>confirmantes</em></strong></span> <span class='ocrx_word' id='word_1_98' title='bbox 811 2304 848 2345; x_wconf 89' lang='lat' dir='ltr'><strong><em>ea</em></strong></span> <span class='ocrx_word' id='word_1_99' title='bbox 876 2286 1023 2363; x_wconf 86' lang='lat' dir='ltr'><strong><em>propriis</em></strong></span> <span class='ocrx_word' id='word_1_100' title='bbox 1048 2285 1251 2364; x_wconf 86' lang='lat' dir='ltr'><strong><em>privilegiis,</em></strong></span> <span class='ocrx_word' id='word_1_101' title='bbox 1278 2286 1436 2364; x_wconf 89' lang='lat' dir='ltr'><strong><em>quatinus</em></strong></span> <span class='ocrx_word' id='word_1_102' title='bbox 1461 2303 1503 2344; x_wconf 78' lang='lat' dir='ltr'><strong><em>ex</em></strong></span> <span class='ocrx_word' id='word_1_103' title='bbox 1527 2284 1697 2346; x_wconf 86' lang='lat' dir='ltr'><strong><em>cotidiana</em></strong></span> 
     </span>
     <span class='ocr_line' id='line_1_14' title="bbox 553 2386 1697 2466; baseline 0.003 -21"><span class='ocrx_word' id='word_1_104' title='bbox 553 2387 792 2466; x_wconf 86' lang='lat' dir='ltr'><strong><em>tranquillitate</em></strong></span> <span class='ocrx_word' id='word_1_105' title='bbox 822 2386 995 2448; x_wconf 85' lang='lat' dir='ltr'><strong><em>ardentius</em></strong></span> <span class='ocrx_word' id='word_1_106' title='bbox 1022 2387 1057 2446; x_wconf 89' lang='lat' dir='ltr'><strong><em>in</em></strong></span> <span class='ocrx_word' id='word_1_107' title='bbox 1086 2386 1252 2447; x_wconf 88' lang='lat' dir='ltr'><strong><em>devotione</em></strong></span> <span class='ocrx_word' id='word_1_108' title='bbox 1275 2386 1384 2445; x_wconf 88' lang='lat' dir='ltr'><strong><em>divine</em></strong></span> <span class='ocrx_word' id='word_1_109' title='bbox 1409 2386 1578 2447; x_wconf 85' lang='lat' dir='ltr'><strong><em>seruitutis</em></strong></span> <span class='ocrx_word' id='word_1_110' title='bbox 1604 2391 1635 2447; x_wconf 90' lang='lat' dir='ltr'><strong><em>et</em></strong></span> <span class='ocrx_word' id='word_1_111' title='bbox 1660 2387 1697 2448; x_wconf 88' lang='lat' dir='ltr'><strong><em>in</em></strong></span> 
     </span>
     <span class='ocr_line' id='line_1_15' title="bbox 549 2487 1698 2567; baseline 0.001 -18"><span class='ocrx_word' id='word_1_112' title='bbox 549 2491 641 2549; x_wconf 90' lang='lat' dir='ltr'><strong><em>omni</em></strong></span> <span class='ocrx_word' id='word_1_113' title='bbox 667 2490 749 2549; x_wconf 79' lang='lat' dir='ltr'><strong><em>bono</em></strong></span> <span class='ocrx_word' id='word_1_114' title='bbox 774 2488 981 2565; x_wconf 80' lang='lat' dir='ltr'><strong><em>proficerent.</em></strong></span> <span class='ocrx_word' id='word_1_115' title='bbox 1011 2487 1084 2561; x_wconf 90' lang='lat' dir='ltr'><strong><em>Qua</em></strong></span> <span class='ocrx_word' id='word_1_116' title='bbox 1116 2489 1151 2546; x_wconf 90' lang='lat' dir='ltr'><strong><em>in</em></strong></span> <span class='ocrx_word' id='word_1_117' title='bbox 1181 2506 1215 2547; x_wconf 89' lang='lat' dir='ltr'><strong><em>re</em></strong></span> <span class='ocrx_word' id='word_1_118' title='bbox 1243 2505 1343 2566; x_wconf 91' lang='lat' dir='ltr'><strong><em>quam</em></strong></span> <span class='ocrx_word' id='word_1_119' title='bbox 1370 2487 1434 2565; x_wconf 91' lang='lat' dir='ltr'><strong><em>pie,</em></strong></span> <span class='ocrx_word' id='word_1_120' title='bbox 1460 2506 1561 2567; x_wconf 89' lang='lat' dir='ltr'><strong><em>quam</em></strong></span> <span class='ocrx_word' id='word_1_121' title='bbox 1586 2494 1698 2550; x_wconf 86' lang='lat' dir='ltr'><strong><em>sancte</em></strong></span> 
     </span>
     <span class='ocr_line' id='line_1_16' title="bbox 548 2587 1774 2676; baseline -0.003 -26"><span class='ocrx_word' id='word_1_122' title='bbox 548 2589 725 2665; x_wconf 62' lang='lat' dir='ltr'><strong><em>fecerintss,</em></strong></span> <span class='ocrx_word' id='word_1_123' title='bbox 742 2595 771 2650; x_wconf 93' lang='lat' dir='ltr'><strong><em>el</em></strong></span> <span class='ocrx_word' id='word_1_124' title='bbox 787 2589 924 2676; x_wconf 88' lang='lat' dir='ltr'><strong><em>illorum</em></strong></span> <span class='ocrx_word' id='word_1_125' title='bbox 949 2587 1043 2649; x_wconf 85' lang='lat' dir='ltr'><strong><em>nobis</em></strong></span> <span class='ocrx_word' id='word_1_126' title='bbox 1064 2589 1204 2649; x_wconf 90' lang='lat' dir='ltr'><strong><em>ostendit</em></strong></span> <span class='ocrx_word' id='word_1_127' title='bbox 1225 2587 1351 2667; x_wconf 89' lang='lat' dir='ltr'><strong><em>gloria,</em></strong></span> <span class='ocrx_word' id='word_1_128' title='bbox 1375 2594 1405 2648; x_wconf 93' lang='lat' dir='ltr'><strong><em>el</em></strong></span> <span class='ocrx_word' id='word_1_129' title='bbox 1426 2589 1532 2668; x_wconf 91' lang='lat' dir='ltr'><strong><em>ipsius</em></strong></span> <span class='ocrx_word' id='word_1_130' title='bbox 1555 2589 1607 2650; x_wconf 90' lang='lat' dir='ltr'><strong><em>rei</em></strong></span> <span class='ocrx_word' id='word_1_131' title='bbox 1626 2595 1695 2651; x_wconf 86' lang='lat' dir='ltr'><strong><em>tam</em></strong></span> <span class='ocrx_word' id='word_1_132' title='bbox 1726 2608 1774 2647; x_wconf 76' lang='grc' dir='ltr'><strong><em>ι]</em></strong></span> 
     </span>
     <span class='ocr_line' id='line_1_17' title="bbox 547 2690 1695 2771; baseline 0.002 -21"><span class='ocrx_word' id='word_1_133' title='bbox 547 2691 721 2767; x_wconf 78' lang='lat' dir='ltr'><strong><em>fructuosa</em></strong></span> <span class='ocrx_word' id='word_1_134' title='bbox 743 2694 869 2771; x_wconf 89' lang='lat' dir='ltr'><strong><em>gratia.</em></strong></span> <span class='ocrx_word' id='word_1_135' title='bbox 887 2690 977 2752; x_wconf 89' lang='lat' dir='ltr'><strong><em>Nam</em></strong></span> <span class='ocrx_word' id='word_1_136' title='bbox 1000 2709 1073 2750; x_wconf 91' lang='lat' dir='ltr'><strong><em>cum</em></strong></span> <span class='ocrx_word' id='word_1_137' title='bbox 1097 2690 1247 2750; x_wconf 90' lang='lat' dir='ltr'><strong><em>oratoria</em></strong></span> <span class='ocrx_word' id='word_1_138' title='bbox 1264 2690 1299 2749; x_wconf 91' lang='lat' dir='ltr'><strong><em>in</em></strong></span> <span class='ocrx_word' id='word_1_139' title='bbox 1315 2708 1391 2769; x_wconf 89' lang='lat' dir='ltr'><strong><em>pace</em></strong></span> <span class='ocrx_word' id='word_1_140' title='bbox 1406 2697 1436 2750; x_wconf 93' lang='lat' dir='ltr'><strong><em>et</em></strong></span> <span class='ocrx_word' id='word_1_141' title='bbox 1450 2692 1695 2770; x_wconf 84' lang='lat' dir='ltr'><strong><em>tranquillitate</em></strong></span> 
     </span>
     <span class='ocr_line' id='line_1_18' title="bbox 547 2789 1693 2869; baseline 0.001 -16"><span class='ocrx_word' id='word_1_142' title='bbox 547 2793 740 2865; x_wconf 84' lang='lat' dir='ltr'><strong><em>consistunt,</em></strong></span> <span class='ocrx_word' id='word_1_143' title='bbox 756 2798 785 2852; x_wconf 91' lang='lat' dir='ltr'><strong><em>et</em></strong></span> <span class='ocrx_word' id='word_1_144' title='bbox 798 2793 1012 2853; x_wconf 85' lang='lat' dir='ltr'><strong><em>ecclesiastica</em></strong></span> <span class='ocrx_word' id='word_1_145' title='bbox 1030 2789 1184 2866; x_wconf 79' lang='lat' dir='ltr'><strong><em>beneficia</em></strong></span> <span class='ocrx_word' id='word_1_146' title='bbox 1201 2808 1359 2869; x_wconf 89' lang='lat' dir='ltr'><strong><em>pauperes</em></strong></span> <span class='ocrx_word' id='word_1_147' title='bbox 1376 2790 1504 2853; x_wconf 83' lang='lat' dir='ltr'><strong><em>Christi</em></strong></span> <span class='ocrx_word' id='word_1_148' title='bbox 1520 2793 1693 2867; x_wconf 84' lang='lat' dir='ltr'><strong><em>nutriunt,</em></strong></span> 
     </span>
     <span class='ocr_line' id='line_1_19' title="bbox 548 2894 1692 2972; baseline 0.002 -18"><span class='ocrx_word' id='word_1_149' title='bbox 548 2894 643 2954; x_wconf 67' lang='lat' dir='ltr'><strong><em>lumi</em></strong></span> <span class='ocrx_word' id='word_1_150' title='bbox 664 2912 739 2955; x_wconf 85' lang='lat' dir='ltr'><strong><em>vero</em></strong></span> <span class='ocrx_word' id='word_1_151' title='bbox 760 2895 833 2956; x_wconf 88' lang='lat' dir='ltr'><strong><em>laus</em></strong></span> <span class='ocrx_word' id='word_1_152' title='bbox 856 2894 923 2954; x_wconf 90' lang='lat' dir='ltr'><strong><em>Deo</em></strong></span> <span class='ocrx_word' id='word_1_153' title='bbox 944 2894 1045 2972; x_wconf 85' lang='lat' dir='ltr'><strong><em>digne</em></strong></span> <span class='ocrx_word' id='word_1_154' title='bbox 1067 2894 1246 2971; x_wconf 88' lang='lat' dir='ltr'><strong><em>promitur,</em></strong></span> <span class='ocrx_word' id='word_1_155' title='bbox 1270 2897 1301 2952; x_wconf 90' lang='lat' dir='ltr'><strong><em>el</em></strong></span> <span class='ocrx_word' id='word_1_156' title='bbox 1325 2894 1466 2954; x_wconf 89' lang='lat' dir='ltr'><strong><em>remedia</em></strong></span> <span class='ocrx_word' id='word_1_157' title='bbox 1481 2899 1692 2972; x_wconf 83' lang='lat' dir='ltr'><strong><em>peccatorum</em></strong></span> 
     </span>
     <span class='ocr_line' id='line_1_20' title="bbox 546 2993 1690 3076; baseline 0.002 -20"><span class='ocrx_word' id='word_1_158' title='bbox 546 3003 612 3056; x_wconf 92' lang='lat' dir='ltr'><strong><em>tam</em></strong></span> <span class='ocrx_word' id='word_1_159' title='bbox 627 2998 709 3056; x_wconf 75' lang='lat' dir='ltr'><strong><em>vivis</em></strong></span> <span class='ocrx_word' id='word_1_160' title='bbox 730 3013 830 3076; x_wconf 89' lang='lat' dir='ltr'><strong><em>quam</em></strong></span> <span class='ocrx_word' id='word_1_161' title='bbox 853 2994 1020 3072; x_wconf 78' lang='lat' dir='ltr'><strong><em>defunctis</em></strong></span> <span class='ocrx_word' id='word_1_162' title='bbox 1043 2994 1282 3069; x_wconf 89' lang='lat' dir='ltr'><strong><em>impenduntur</em></strong></span> <span class='ocrx_word' id='word_1_163' title='bbox 1294 3006 1315 3056; x_wconf 75' lang='lat'><strong><em>⁶.</em></strong></span> <span class='ocrx_word' id='word_1_164' title='bbox 1336 2993 1429 3056; x_wconf 86' lang='lat' dir='ltr'><strong><em>Unde</em></strong></span> <span class='ocrx_word' id='word_1_165' title='bbox 1450 3013 1508 3056; x_wconf 90' lang='lat' dir='ltr'><strong><em>nos</em></strong></span> <span class='ocrx_word' id='word_1_166' title='bbox 1526 2996 1563 3055; x_wconf 93' lang='lat' dir='ltr'><strong><em>in</em></strong></span> <span class='ocrx_word' id='word_1_167' title='bbox 1578 2999 1690 3058; x_wconf 90' lang='lat' dir='ltr'><strong><em>eadem</em></strong></span> 
     </span>
     <span class='ocr_line' id='line_1_21' title="bbox 546 3096 1774 3177; baseline 0.001 -19"><span class='ocrx_word' id='word_1_168' title='bbox 546 3099 720 3175; x_wconf 91' lang='lat' dir='ltr'><strong><em>apostolica</em></strong></span> <span class='ocrx_word' id='word_1_169' title='bbox 743 3098 825 3171; x_wconf 87' lang='lat' dir='ltr'><strong><em>sede,</em></strong></span> <span class='ocrx_word' id='word_1_170' title='bbox 844 3116 908 3157; x_wconf 91' lang='lat' dir='ltr'><strong><em>non</em></strong></span> <span class='ocrx_word' id='word_1_171' title='bbox 932 3098 1055 3157; x_wconf 90' lang='lat' dir='ltr'><strong><em>nostris</em></strong></span> <span class='ocrx_word' id='word_1_172' title='bbox 1078 3096 1218 3169; x_wconf 89' lang='lat' dir='ltr'><strong><em>meritis,</em></strong></span> <span class='ocrx_word' id='word_1_173' title='bbox 1235 3097 1289 3157; x_wconf 88' lang='lat' dir='ltr'><strong><em>sed</em></strong></span> <span class='ocrx_word' id='word_1_174' title='bbox 1311 3096 1426 3156; x_wconf 88' lang='lat' dir='ltr'><strong><em>divina</em></strong></span> <span class='ocrx_word' id='word_1_175' title='bbox 1447 3098 1546 3158; x_wconf 88' lang='lat' dir='ltr'><strong><em>locati</em></strong></span> <span class='ocrx_word' id='word_1_176' title='bbox 1560 3099 1689 3177; x_wconf 90' lang='lat' dir='ltr'><strong><em>gratia,</em></strong></span> <span class='ocrx_word' id='word_1_177' title='bbox 1719 3121 1732 3159; x_wconf 83' lang='lat'><em>2</em></span> <span class='ocrx_word' id='word_1_178' title='bbox 1755 3116 1774 3149; x_wconf 75' lang='grc' dir='ltr'><strong><em>τ</em></strong></span> 
     </span>
     <span class='ocr_line' id='line_1_22' title="bbox 545 3197 1692 3277; baseline 0.002 -17"><span class='ocrx_word' id='word_1_179' title='bbox 545 3201 684 3277; x_wconf 89' lang='lat' dir='ltr'><strong><em>suscepti</em></strong></span> <span class='ocrx_word' id='word_1_180' title='bbox 697 3199 799 3271; x_wconf 83' lang='lat' dir='ltr'><strong><em>officii</em></strong></span> <span class='ocrx_word' id='word_1_181' title='bbox 819 3197 964 3258; x_wconf 87' lang='lat' dir='ltr'><strong><em>debitum</em></strong></span> <span class='ocrx_word' id='word_1_182' title='bbox 987 3197 1242 3269; x_wconf 88' lang='lat' dir='ltr'><strong><em>considerantes,</em></strong></span> <span class='ocrx_word' id='word_1_183' title='bbox 1258 3197 1421 3277; x_wconf 77' lang='lat' dir='ltr'><strong><em>prefatum</em></strong></span> <span class='ocrx_word' id='word_1_184' title='bbox 1438 3202 1692 3275; x_wconf 87' lang='lat' dir='ltr'><strong><em>monasterium,</em></strong></span> 
     </span>
     <span class='ocr_line' id='line_1_23' title="bbox 543 3297 1694 3376; baseline 0.001 -15"><span class='ocrx_word' id='word_1_185' title='bbox 543 3303 598 3362; x_wconf 89' lang='lat' dir='ltr'><strong><em>cui</em></strong></span> <span class='ocrx_word' id='word_1_186' title='bbox 620 3307 666 3373; x_wconf 89' lang='lat' dir='ltr'><strong><em>tu,</em></strong></span> <span class='ocrx_word' id='word_1_187' title='bbox 684 3301 796 3361; x_wconf 89' lang='lat' dir='ltr'><strong><em>dilecte</em></strong></span> <span class='ocrx_word' id='word_1_188' title='bbox 812 3298 870 3376; x_wconf 83' lang='lat' dir='ltr'><strong><em>fili</em></strong></span> <span class='ocrx_word' id='word_1_189' title='bbox 884 3304 914 3359; x_wconf 92' lang='lat' dir='ltr'><strong><em>et</em></strong></span> <span class='ocrx_word' id='word_1_190' title='bbox 928 3298 1154 3376; x_wconf 90' lang='lat' dir='ltr'><strong><em>prenominate</em></strong></span> <span class='ocrx_word' id='word_1_191' title='bbox 1174 3297 1266 3371; x_wconf 83' lang='lat' dir='ltr'><strong><em>abba,</em></strong></span> <span class='ocrx_word' id='word_1_192' title='bbox 1284 3316 1407 3375; x_wconf 90' lang='lat' dir='ltr'><strong><em>preesse</em></strong></span> <span class='ocrx_word' id='word_1_193' title='bbox 1421 3299 1615 3374; x_wconf 87' lang='lat' dir='ltr'><strong><em>dinosceris,</em></strong></span> <span class='ocrx_word' id='word_1_194' title='bbox 1634 3306 1694 3362; x_wconf 92' lang='lat' dir='ltr'><strong><em>tuo</em></strong></span> 
     </span>
     <span class='ocr_line' id='line_1_24' title="bbox 544 3400 1695 3482; baseline 0.001 -20"><span class='ocrx_word' id='word_1_195' title='bbox 544 3409 678 3481; x_wconf 84' lang='lat' dir='ltr'><strong><em>rogatu,</em></strong></span> <span class='ocrx_word' id='word_1_196' title='bbox 694 3405 728 3461; x_wconf 89' lang='lat' dir='ltr'><strong><em>in</em></strong></span> <span class='ocrx_word' id='word_1_197' title='bbox 741 3401 876 3461; x_wconf 93' lang='lat' dir='ltr'><strong><em>tutelam</em></strong></span> <span class='ocrx_word' id='word_1_198' title='bbox 888 3400 1061 3474; x_wconf 83' lang='lat' dir='ltr'><strong><em>apostolice</em></strong></span> <span class='ocrx_word' id='word_1_199' title='bbox 1074 3400 1160 3458; x_wconf 90' lang='lat' dir='ltr'><strong><em>sedis</em></strong></span> <span class='ocrx_word' id='word_1_200' title='bbox 1172 3404 1204 3458; x_wconf 89' lang='lat' dir='ltr'><strong><em>el</em></strong></span> <span class='ocrx_word' id='word_1_201' title='bbox 1215 3403 1363 3459; x_wconf 91' lang='lat' dir='ltr'><strong><em>nostram</em></strong></span> <span class='ocrx_word' id='word_1_202' title='bbox 1375 3418 1665 3482; x_wconf 90' lang='lat' dir='ltr'><strong><em>successorumque</em></strong></span> <span class='ocrx_word' id='word_1_203' title='bbox 1675 3400 1695 3441; x_wconf 51' lang='grc' dir='ltr'><em>ί</em></span> 
     </span>
     <span class='ocr_line' id='line_1_25' title="bbox 543 3500 1691 3579; baseline 0.003 -16"><span class='ocrx_word' id='word_1_204' title='bbox 543 3508 734 3564; x_wconf 91' lang='lat' dir='ltr'><strong><em>nostrorum</em></strong></span> <span class='ocrx_word' id='word_1_205' title='bbox 750 3502 967 3578; x_wconf 72' lang='lat' dir='ltr'><strong><em>defensionem</em></strong></span> <span class='ocrx_word' id='word_1_206' title='bbox 986 3501 1201 3579; x_wconf 87' lang='lat' dir='ltr'><strong><em>suscepimus,</em></strong></span> <span class='ocrx_word' id='word_1_207' title='bbox 1220 3500 1449 3573; x_wconf 72' lang='lat' dir='ltr'><strong><em>confirmantes</em></strong></span> <span class='ocrx_word' id='word_1_208' title='bbox 1463 3508 1493 3562; x_wconf 89' lang='lat' dir='ltr'><strong><em>el</em></strong></span> <span class='ocrx_word' id='word_1_209' title='bbox 1506 3514 1519 3540; x_wconf 76' lang='lat'><em>‘</em></span> <span class='ocrx_word' id='word_1_210' title='bbox 1533 3505 1691 3567; x_wconf 81' lang='lat' dir='ltr'><strong><em>corrobo-</em></strong></span> 
     </span>
     <span class='ocr_line' id='line_1_26' title="bbox 544 3602 1760 3683; baseline 0.003 -20"><span class='ocrx_word' id='word_1_211' title='bbox 544 3609 651 3664; x_wconf 90' lang='lat' dir='ltr'><strong><em>rantes</em></strong></span> <span class='ocrx_word' id='word_1_212' title='bbox 666 3603 742 3677; x_wconf 81' lang='lat' dir='ltr'><strong><em>sibi,</em></strong></span> <span class='ocrx_word' id='word_1_213' title='bbox 759 3621 818 3680; x_wconf 90' lang='lat' dir='ltr'><strong><em>per</em></strong></span> <span class='ocrx_word' id='word_1_214' title='bbox 832 3603 992 3681; x_wconf 88' lang='lat' dir='ltr'><strong><em>presentis</em></strong></span> <span class='ocrx_word' id='word_1_215' title='bbox 1006 3602 1168 3681; x_wconf 87' lang='lat' dir='ltr'><strong><em>paginam</em></strong></span> <span class='ocrx_word' id='word_1_216' title='bbox 1191 3603 1374 3683; x_wconf 85' lang='lat' dir='ltr'><strong><em>privilegii,</em></strong></span> <span class='ocrx_word' id='word_1_217' title='bbox 1391 3604 1559 3666; x_wconf 90' lang='lat' dir='ltr'><strong><em>ecclesiam</em></strong></span> <span class='ocrx_word' id='word_1_218' title='bbox 1580 3613 1692 3669; x_wconf 87' lang='lat' dir='ltr'><strong><em>sancte</em></strong></span> <span class='ocrx_word' id='word_1_219' title='bbox 1719 3629 1760 3680; x_wconf 68' lang='grc' dir='ltr'><strong><em>ιι,</em></strong></span> 
     </span>
     <span class='ocr_line' id='line_1_27' title="bbox 543 3705 1691 3787; baseline 0.003 -21"><span class='ocrx_word' id='word_1_220' title='bbox 543 3708 650 3767; x_wconf 80' lang='lat' dir='ltr'><strong><em>llarie</em></strong></span> <span class='ocrx_word' id='word_1_221' title='bbox 666 3726 764 3781; x_wconf 90' lang='lat' dir='ltr'><strong><em>super</em></strong></span> <span class='ocrx_word' id='word_1_222' title='bbox 778 3705 990 3768; x_wconf 81' lang='lat' dir='ltr'><strong><em>Auxonomf</em></strong></span> <span class='ocrx_word' id='word_1_223' title='bbox 1004 3706 1102 3766; x_wconf 90' lang='lat' dir='ltr'><strong><em>silam</em></strong></span> <span class='ocrx_word' id='word_1_224' title='bbox 1120 3706 1129 3731; x_wconf 87' lang='lat'>¹</span> <span class='ocrx_word' id='word_1_225' title='bbox 1152 3710 1181 3765; x_wconf 92' lang='lat' dir='ltr'><strong><em>et</em></strong></span> <span class='ocrx_word' id='word_1_226' title='bbox 1193 3718 1212 3754; x_wconf 67' lang='lat' dir='ltr'><em>e</em></span> <span class='ocrx_word' id='word_1_227' title='bbox 1234 3706 1401 3767; x_wconf 86' lang='lat' dir='ltr'><strong><em>ecclesiam</em></strong></span> <span class='ocrx_word' id='word_1_228' title='bbox 1421 3706 1586 3787; x_wconf 65' lang='lat' dir='ltr'><strong><em>[sanctiP</em></strong></span> <span class='ocrx_word' id='word_1_229' title='bbox 1608 3708 1691 3771; x_wconf 89' lang='lat' dir='ltr'><strong><em>Sut-</em></strong></span> 
     </span>
     <span class='ocr_line' id='line_1_28' title="bbox 542 3805 1691 3886; baseline 0.008 -21"><span class='ocrx_word' id='word_1_230' title='bbox 542 3806 646 3882; x_wconf 71' lang='lat' dir='ltr'><strong><em>picii⁸¹</em></strong></span> <span class='ocrx_word' id='word_1_231' title='bbox 671 3826 770 3886; x_wconf 91' lang='lat' dir='ltr'><strong><em>super</em></strong></span> <span class='ocrx_word' id='word_1_232' title='bbox 796 3805 950 3867; x_wconf 87' lang='lat' dir='ltr'><strong><em>Mosam²</em></strong></span> <span class='ocrx_word' id='word_1_233' title='bbox 978 3811 1161 3885; x_wconf 88' lang='lat' dir='ltr'><strong><em>ceterasque</em></strong></span> <span class='ocrx_word' id='word_1_234' title='bbox 1186 3809 1411 3884; x_wconf 90' lang='lat' dir='ltr'><strong><em>possessiones,</em></strong></span> <span class='ocrx_word' id='word_1_235' title='bbox 1438 3814 1507 3870; x_wconf 91' lang='lat' dir='ltr'><strong><em>tam</em></strong></span> <span class='ocrx_word' id='word_1_236' title='bbox 1533 3810 1571 3871; x_wconf 89' lang='lat' dir='ltr'><strong><em>in</em></strong></span> <span class='ocrx_word' id='word_1_237' title='bbox 1595 3812 1691 3875; x_wconf 83' lang='lat' dir='ltr'><strong><em>uillis</em></strong></span> 
     </span>
    </p>
   </div>
   <div class='ocr_carea' id='block_1_3' title="bbox 539 4002 1766 4507">
    <p class='ocr_par' dir='ltr' id='par_1_3' title="bbox 539 4002 1766 4507">
     <span class='ocr_line' id='line_1_29' title="bbox 575 4002 1689 4071; baseline 0.005 -19"><span class='ocrx_word' id='word_1_238' title='bbox 575 4021 599 4052; x_wconf 86' lang='lat' dir='ltr'><strong><em>a.</em></strong></span> <span class='ocrx_word' id='word_1_239' title='bbox 620 4003 746 4055; x_wconf 79' lang='lat' dir='ltr'><strong><em>fecerunt</em></strong></span> <span class='ocrx_word' id='word_1_240' title='bbox 767 4011 824 4053; x_wconf 85' lang='lat' dir='ltr'><strong><em>tous</em></strong></span> <span class='ocrx_word' id='word_1_241' title='bbox 844 4002 880 4052; x_wconf 80' lang='lat' dir='ltr'><strong><em>les</em></strong></span> <span class='ocrx_word' id='word_1_242' title='bbox 901 4004 1063 4052; x_wconf 80' lang='lat' dir='ltr'><strong><em>numuscrits</em></strong></span> <span class='ocrx_word' id='word_1_243' title='bbox 1082 4010 1106 4052; x_wconf 85' lang='lat' dir='ltr'><strong><em>et</em></strong></span> <span class='ocrx_word' id='word_1_244' title='bbox 1123 4011 1180 4053; x_wconf 89' lang='lat' dir='ltr'><strong><em>tous</em></strong></span> <span class='ocrx_word' id='word_1_245' title='bbox 1197 4003 1233 4052; x_wconf 87' lang='lat' dir='ltr'><strong><em>les</em></strong></span> <span class='ocrx_word' id='word_1_246' title='bbox 1249 4004 1373 4060; x_wconf 77' lang='lat' dir='ltr'><strong><em>lditeurs,</em></strong></span> <span class='ocrx_word' id='word_1_247' title='bbox 1393 4004 1463 4071; x_wconf 80' lang='lat' dir='ltr'><strong><em>saus</em></strong></span> <span class='ocrx_word' id='word_1_248' title='bbox 1476 4003 1510 4057; x_wconf 89' lang='lat' dir='ltr'><strong><em>G.</em></strong></span> <span class='ocrx_word' id='word_1_249' title='bbox 1528 4004 1636 4059; x_wconf 81' lang='lat' dir='ltr'><strong><em>Kurtle.</em></strong></span> <span class='ocrx_word' id='word_1_250' title='bbox 1655 4037 1689 4047; x_wconf 89' lang='lat'><em>-</em></span> 
     </span>
     <span class='ocr_line' id='line_1_30' title="bbox 542 4090 1690 4155; baseline 0.008 -16"><span class='ocrx_word' id='word_1_251' title='bbox 542 4090 563 4139; x_wconf 86' lang='lat' dir='ltr'><strong><em>b.</em></strong></span> <span class='ocrx_word' id='word_1_252' title='bbox 584 4101 676 4141; x_wconf 73' lang='lat' dir='ltr'><strong><em>tamen</em></strong></span> <span class='ocrx_word' id='word_1_253' title='bbox 696 4092 720 4141; x_wconf 63' lang='lat' dir='ltr'><strong><em>:l</em></strong></span> <span class='ocrx_word' id='word_1_254' title='bbox 741 4099 765 4140; x_wconf 78' lang='lat' dir='ltr'><strong><em>et</em></strong></span> <span class='ocrx_word' id='word_1_255' title='bbox 784 4092 818 4141; x_wconf 82' lang='lat' dir='ltr'><strong><em>ll.</em></strong></span> <span class='ocrx_word' id='word_1_256' title='bbox 839 4120 869 4127; x_wconf 95' lang='lat'>-</span> <span class='ocrx_word' id='word_1_257' title='bbox 888 4107 910 4139; x_wconf 86' lang='lat' dir='ltr'><strong><em>c.</em></strong></span> <span class='ocrx_word' id='word_1_258' title='bbox 930 4090 1130 4155; x_wconf 80' lang='lat' dir='ltr'><strong><em>inpenditurA</em></strong></span> <span class='ocrx_word' id='word_1_259' title='bbox 1150 4098 1174 4140; x_wconf 82' lang='lat' dir='ltr'><strong><em>et</em></strong></span> <span class='ocrx_word' id='word_1_260' title='bbox 1191 4092 1226 4143; x_wconf 83' lang='lat' dir='ltr'><strong><em>ll.</em></strong></span> <span class='ocrx_word' id='word_1_261' title='bbox 1247 4120 1277 4129; x_wconf 98' lang='lat'>-</span> <span class='ocrx_word' id='word_1_262' title='bbox 1296 4092 1322 4141; x_wconf 89' lang='lat' dir='ltr'><strong><em>d.</em></strong></span> <span class='ocrx_word' id='word_1_263' title='bbox 1341 4108 1534 4145; x_wconf 83' lang='lat' dir='ltr'><strong><em>successorum</em></strong></span> <span class='ocrx_word' id='word_1_264' title='bbox 1548 4094 1587 4151; x_wconf 78' lang='lat' dir='ltr'><strong><em>A.</em></strong></span> <span class='ocrx_word' id='word_1_265' title='bbox 1603 4096 1644 4155; x_wconf 80' lang='lat' dir='ltr'><strong><em>A.</em></strong></span> <span class='ocrx_word' id='word_1_266' title='bbox 1663 4106 1690 4149; x_wconf 85' lang='lat' dir='ltr'><strong><em>et</em></strong></span> 
     </span>
     <span class='ocr_line' id='line_1_31' title="bbox 543 4178 1766 4262; baseline 0.008 -34"><span class='ocrx_word' id='word_1_267' title='bbox 543 4181 585 4234; x_wconf 77' lang='lat' dir='ltr'><strong><em>B,-</em></strong></span> <span class='ocrx_word' id='word_1_268' title='bbox 603 4194 854 4245; x_wconf 78' lang='lat' dir='ltr'><strong><em>successorumque</em></strong></span> <span class='ocrx_word' id='word_1_269' title='bbox 871 4179 910 4236; x_wconf 69' lang='lat' dir='ltr'><strong><em>A.</em></strong></span> <span class='ocrx_word' id='word_1_270' title='bbox 928 4186 953 4228; x_wconf 83' lang='lat' dir='ltr'><strong><em>et</em></strong></span> <span class='ocrx_word' id='word_1_271' title='bbox 969 4178 1018 4245; x_wconf 63' lang='lat'><strong><em>“¹3-</em></strong></span> <span class='ocrx_word' id='word_1_272' title='bbox 1032 4207 1064 4215; x_wconf 91' lang='lat'><em>-</em></span> <span class='ocrx_word' id='word_1_273' title='bbox 1081 4195 1103 4229; x_wconf 86' lang='lat' dir='ltr'><strong><em>e.</em></strong></span> <span class='ocrx_word' id='word_1_274' title='bbox 1124 4179 1203 4229; x_wconf 79' lang='lat' dir='ltr'><strong><em>Hans</em></strong></span> <span class='ocrx_word' id='word_1_275' title='bbox 1215 4180 1252 4235; x_wconf 77' lang='lat' dir='ltr'><strong><em>A,</em></strong></span> <span class='ocrx_word' id='word_1_276' title='bbox 1273 4179 1296 4229; x_wconf 88' lang='lat' dir='ltr'><strong><em>lc</em></strong></span> <span class='ocrx_word' id='word_1_277' title='bbox 1312 4180 1395 4230; x_wconf 79' lang='lat' dir='ltr'><strong><em>scribe</em></strong></span> <span class='ocrx_word' id='word_1_278' title='bbox 1410 4181 1484 4231; x_wconf 86' lang='lat' dir='ltr'><strong><em>nvait</em></strong></span> <span class='ocrx_word' id='word_1_279' title='bbox 1500 4183 1567 4233; x_wconf 86' lang='lat' dir='ltr'><strong><em>terit</em></strong></span> <span class='ocrx_word' id='word_1_280' title='bbox 1582 4183 1690 4237; x_wconf 86' lang='lat' dir='ltr'><strong><em>confir·</em></strong></span> <span class='ocrx_word' id='word_1_281' title='bbox 1717 4210 1766 4262; x_wconf 75' lang='lat'><strong><em>30&#39;</em></strong></span> 
     </span>
     <span class='ocr_line' id='line_1_32' title="bbox 543 4266 1691 4334; baseline 0.007 -17"><span class='ocrx_word' id='word_1_282' title='bbox 543 4278 718 4334; x_wconf 77' lang='lat' dir='ltr'><strong><em>manu-sque:</em></strong></span> <span class='ocrx_word' id='word_1_283' title='bbox 744 4268 767 4317; x_wconf 86' lang='lat' dir='ltr'><strong><em>il</em></strong></span> <span class='ocrx_word' id='word_1_284' title='bbox 789 4285 805 4316; x_wconf 86' lang='lat' dir='ltr'><em>a</em></span> <span class='ocrx_word' id='word_1_285' title='bbox 828 4270 931 4332; x_wconf 78' lang='lat' dir='ltr'><strong><em>corrige</em></strong></span> <span class='ocrx_word' id='word_1_286' title='bbox 953 4283 1052 4316; x_wconf 76' lang='lat' dir='ltr'><strong><em>comruc</em></strong></span> <span class='ocrx_word' id='word_1_287' title='bbox 1076 4267 1219 4319; x_wconf 85' lang='lat' dir='ltr'><strong><em>ci-dessus:</em></strong></span> <span class='ocrx_word' id='word_1_288' title='bbox 1242 4266 1442 4320; x_wconf 81' lang='lat' dir='ltr'><strong><em>confirmantes</em></strong></span> <span class='ocrx_word' id='word_1_289' title='bbox 1464 4279 1491 4320; x_wconf 78' lang='lat' dir='ltr'><strong><em>et</em></strong></span> <span class='ocrx_word' id='word_1_290' title='bbox 1511 4270 1556 4325; x_wconf 76' lang='lat' dir='ltr'><strong><em>B:</em></strong></span> <span class='ocrx_word' id='word_1_291' title='bbox 1576 4271 1691 4326; x_wconf 84' lang='lat' dir='ltr'><strong><em>confir-</em></strong></span> 
     </span>
     <span class='ocr_line' id='line_1_33' title="bbox 543 4352 1690 4428; baseline 0.005 -25"><span class='ocrx_word' id='word_1_292' title='bbox 543 4365 705 4420; x_wconf 79' lang='lat' dir='ltr'><strong><em>mantesque</em></strong></span> <span class='ocrx_word' id='word_1_293' title='bbox 729 4365 754 4404; x_wconf 75' lang='lat' dir='ltr'><strong><em>et</em></strong></span> <span class='ocrx_word' id='word_1_294' title='bbox 775 4354 828 4414; x_wconf 52' lang='grc' dir='ltr'><strong><em>ΑΗ</em></strong></span> <span class='ocrx_word' id='word_1_295' title='bbox 848 4356 886 4410; x_wconf 53' lang='lat' dir='ltr'><strong><em>xl,</em></strong></span> <span class='ocrx_word' id='word_1_296' title='bbox 911 4361 935 4402; x_wconf 75' lang='lat' dir='ltr'><strong><em>ct</em></strong></span> <span class='ocrx_word' id='word_1_297' title='bbox 953 4356 1006 4421; x_wconf 70' lang='lat'><strong><em>²¹3·</em></strong></span> <span class='ocrx_word' id='word_1_298' title='bbox 1030 4383 1055 4390; x_wconf 96' lang='lat'>-</span> <span class='ocrx_word' id='word_1_299' title='bbox 1075 4352 1103 4418; x_wconf 84' lang='lat' dir='ltr'><strong><em>s.</em></strong></span> <span class='ocrx_word' id='word_1_300' title='bbox 1127 4370 1160 4403; x_wconf 91' lang='lat' dir='ltr'><strong><em>ou</em></strong></span> <span class='ocrx_word' id='word_1_301' title='bbox 1186 4353 1336 4405; x_wconf 82' lang='lat' dir='ltr'><strong><em>Anxonam</em></strong></span> <span class='ocrx_word' id='word_1_302' title='bbox 1359 4356 1405 4411; x_wconf 77' lang='lat' dir='ltr'><strong><em>A,·</em></strong></span> <span class='ocrx_word' id='word_1_303' title='bbox 1426 4356 1557 4408; x_wconf 80' lang='lat' dir='ltr'><strong><em>Axonam</em></strong></span> <span class='ocrx_word' id='word_1_304' title='bbox 1579 4357 1637 4428; x_wconf 79' lang='lat' dir='ltr'><strong><em>A,.</em></strong></span> <span class='ocrx_word' id='word_1_305' title='bbox 1655 4390 1690 4400; x_wconf 97' lang='lat'>-</span> 
     </span>
     <span class='ocr_line' id='line_1_34' title="bbox 539 4439 1312 4507; baseline 0.006 -20"><span class='ocrx_word' id='word_1_306' title='bbox 539 4461 565 4506; x_wconf 77' lang='lat' dir='ltr'><strong><em>g.</em></strong></span> <span class='ocrx_word' id='word_1_307' title='bbox 585 4441 704 4507; x_wconf 72' lang='lat' dir='ltr'><strong><em>lluuquc</em></strong></span> <span class='ocrx_word' id='word_1_308' title='bbox 716 4443 751 4493; x_wconf 84' lang='lat' dir='ltr'><strong><em>ll.</em></strong></span> <span class='ocrx_word' id='word_1_309' title='bbox 765 4469 798 4477; x_wconf 94' lang='lat'>-</span> <span class='ocrx_word' id='word_1_310' title='bbox 816 4441 842 4491; x_wconf 80' lang='lat' dir='ltr'><strong><em>lt.</em></strong></span> <span class='ocrx_word' id='word_1_311' title='bbox 863 4440 981 4507; x_wconf 55' lang='lat' dir='ltr'><strong><em>illunquc</em></strong></span> <span class='ocrx_word' id='word_1_312' title='bbox 993 4441 1030 4492; x_wconf 79' lang='lat' dir='ltr'><strong><em>A.</em></strong></span> <span class='ocrx_word' id='word_1_313' title='bbox 1043 4469 1076 4476; x_wconf 95' lang='lat'>—</span> <span class='ocrx_word' id='word_1_314' title='bbox 1094 4442 1112 4490; x_wconf 88' lang='lat' dir='ltr'><strong><em>i.</em></strong></span> <span class='ocrx_word' id='word_1_315' title='bbox 1133 4439 1262 4506; x_wconf 83' lang='lat' dir='ltr'><strong><em>Sulplicii</em></strong></span> <span class='ocrx_word' id='word_1_316' title='bbox 1275 4441 1312 4492; x_wconf 78' lang='lat' dir='ltr'><strong><em>A.</em></strong></span> 
     </span>
    </p>
   </div>
   <div class='ocr_carea' id='block_1_4' title="bbox 536 4751 1747 5000">
    <p class='ocr_par' dir='ltr' id='par_1_4' title="bbox 536 4751 1747 5000">
     <span class='ocr_line' id='line_1_35' title="bbox 575 4751 1687 4825; baseline 0.013 -24"><span class='ocrx_word' id='word_1_317' title='bbox 575 4759 581 4785; x_wconf 88' lang='lat'><em>¹</em></span> <span class='ocrx_word' id='word_1_318' title='bbox 602 4751 799 4802; x_wconf 66' lang='lat' dir='ltr'><strong><em>Sunia-Mario</em></strong></span> <span class='ocrx_word' id='word_1_319' title='bbox 811 4752 1055 4816; x_wconf 76' lang='lat' dir='ltr'><strong><em>d&#39;Evergnicourt,</em></strong></span> <span class='ocrx_word' id='word_1_320' title='bbox 1068 4770 1131 4821; x_wconf 81' lang='lat' dir='ltr'><strong><em>voy.</em></strong></span> <span class='ocrx_word' id='word_1_321' title='bbox 1144 4754 1288 4817; x_wconf 83' lang='lat' dir='ltr'><strong><em>ci-dessus,</em></strong></span> <span class='ocrx_word' id='word_1_322' title='bbox 1299 4772 1324 4807; x_wconf 90' lang='lat' dir='ltr'><strong><em>c.</em></strong></span> <span class='ocrx_word' id='word_1_323' title='bbox 1338 4769 1365 4819; x_wconf 80' lang='lat'><strong><em>13</em></strong></span> <span class='ocrx_word' id='word_1_324' title='bbox 1377 4756 1449 4823; x_wconf 71' lang='grc' dir='ltr'>(ιο),</span> <span class='ocrx_word' id='word_1_325' title='bbox 1461 4773 1508 4825; x_wconf 87' lang='lat' dir='ltr'><strong><em>pp.</em></strong></span> <span class='ocrx_word' id='word_1_326' title='bbox 1522 4771 1555 4822; x_wconf 75' lang='lat'><strong><em>34</em></strong></span> <span class='ocrx_word' id='word_1_327' title='bbox 1565 4769 1595 4811; x_wconf 85' lang='lat' dir='ltr'><strong><em>et</em></strong></span> <span class='ocrx_word' id='word_1_328' title='bbox 1607 4763 1687 4818; x_wconf 75' lang='lat' dir='ltr'><strong><em>suiv.</em></strong></span> 
     </span>
     <span class='ocr_line' id='line_1_36' title="bbox 573 4839 1747 4920; baseline 0.014 -31"><span class='ocrx_word' id='word_1_329' title='bbox 573 4849 581 4874; x_wconf 81' lang='lat'>²</span> <span class='ocrx_word' id='word_1_330' title='bbox 601 4840 805 4905; x_wconf 68' lang='lat' dir='ltr'><strong><em>Sai111·5ulpice</em></strong></span> <span class='ocrx_word' id='word_1_331' title='bbox 822 4841 856 4892; x_wconf 80' lang='lat' dir='ltr'><strong><em>de</em></strong></span> <span class='ocrx_word' id='word_1_332' title='bbox 870 4839 946 4902; x_wconf 83' lang='lat' dir='ltr'><strong><em>l&#39;rix,</em></strong></span> <span class='ocrx_word' id='word_1_333' title='bbox 968 4857 1031 4907; x_wconf 60' lang='lat' dir='ltr'><strong><em>vos.</em></strong></span> <span class='ocrx_word' id='word_1_334' title='bbox 1050 4841 1195 4902; x_wconf 70' lang='lat' dir='ltr'><strong><em>cidessus,</em></strong></span> <span class='ocrx_word' id='word_1_335' title='bbox 1215 4858 1240 4894; x_wconf 91' lang='lat' dir='ltr'><strong><em>c.</em></strong></span> <span class='ocrx_word' id='word_1_336' title='bbox 1262 4857 1289 4907; x_wconf 84' lang='lat'><strong><em>15</em></strong></span> <span class='ocrx_word' id='word_1_337' title='bbox 1309 4844 1382 4912; x_wconf 84' lang='lat'><strong><em>(23),</em></strong></span> <span class='ocrx_word' id='word_1_338' title='bbox 1395 4861 1443 4913; x_wconf 89' lang='lat' dir='ltr'><strong><em>pp.</em></strong></span> <span class='ocrx_word' id='word_1_339' title='bbox 1458 4858 1488 4909; x_wconf 85' lang='lat'><strong><em>33</em></strong></span> <span class='ocrx_word' id='word_1_340' title='bbox 1505 4854 1533 4896; x_wconf 77' lang='lat' dir='ltr'><strong><em>et</em></strong></span> <span class='ocrx_word' id='word_1_341' title='bbox 1553 4847 1643 4915; x_wconf 68' lang='lat' dir='ltr'><strong><em>suiv„</em></strong></span> <span class='ocrx_word' id='word_1_342' title='bbox 1655 4861 1687 4904; x_wconf 79' lang='lat' dir='ltr'><strong><em>et</em></strong></span> <span class='ocrx_word' id='word_1_343' title='bbox 1716 4866 1747 4920; x_wconf 76' lang='lat'><strong><em>35</em></strong></span> 
     </span>
     <span class='ocr_line' id='line_1_37' title="bbox 536 4928 1686 5000; baseline 0.008 -19"><span class='ocrx_word' id='word_1_344' title='bbox 536 4930 661 4996; x_wconf 80' lang='lat' dir='ltr'><strong><em>diplome</em></strong></span> <span class='ocrx_word' id='word_1_345' title='bbox 681 4929 820 4980; x_wconf 68' lang='lat' dir='ltr'><strong><em>d’Arnoul</em></strong></span> <span class='ocrx_word' id='word_1_346' title='bbox 836 4928 860 4980; x_wconf 85' lang='lat' dir='ltr'><strong><em>ll</em></strong></span> <span class='ocrx_word' id='word_1_347' title='bbox 874 4931 909 4981; x_wconf 84' lang='lat' dir='ltr'><strong><em>de</em></strong></span> <span class='ocrx_word' id='word_1_348' title='bbox 921 4930 1023 4995; x_wconf 70' lang='lat' dir='ltr'><strong><em>chiny,</em></strong></span> <span class='ocrx_word' id='word_1_349' title='bbox 1038 4928 1074 4980; x_wconf 81' lang='lat' dir='ltr'><strong><em>G.</em></strong></span> <span class='ocrx_word' id='word_1_350' title='bbox 1090 4928 1209 4991; x_wconf 72' lang='lat' dir='ltr'><strong><em>Kuusu,</em></strong></span> <span class='ocrx_word' id='word_1_351' title='bbox 1221 4947 1296 4981; x_wconf 74' lang='lat' dir='ltr'><strong><em>ouon</em></strong></span> <span class='ocrx_word' id='word_1_352' title='bbox 1309 4933 1367 4988; x_wconf 83' lang='lat' dir='ltr'><strong><em>citt.</em></strong></span> <span class='ocrx_word' id='word_1_353' title='bbox 1384 4941 1405 4983; x_wconf 80' lang='lat' dir='ltr'><strong><em>t.</em></strong></span> <span class='ocrx_word' id='word_1_354' title='bbox 1419 4932 1441 4996; x_wconf 91' lang='lat'><strong><em>1,</em></strong></span> <span class='ocrx_word' id='word_1_355' title='bbox 1454 4947 1502 5000; x_wconf 89' lang='lat' dir='ltr'><strong><em>pp.</em></strong></span> <span class='ocrx_word' id='word_1_356' title='bbox 1516 4945 1548 4995; x_wconf 79' lang='lat'><strong><em>²3</em></strong></span> <span class='ocrx_word' id='word_1_357' title='bbox 1561 4943 1592 4985; x_wconf 84' lang='lat' dir='ltr'><strong><em>et</em></strong></span> <span class='ocrx_word' id='word_1_358' title='bbox 1603 4937 1686 4991; x_wconf 80' lang='lat' dir='ltr'><strong><em>suiv.</em></strong></span> 
     </span>
    </p>
   </div>
   <div class='ocr_carea' id='block_1_5' title="bbox 0 0 2230 6123">
    <p class='ocr_par' dir='ltr' id='par_1_5' title="bbox 0 0 2230 6123">
     <span class='ocr_line' id='line_1_38' title="bbox 0 0 2230 6123; baseline 0 0"><span class='ocrx_word' id='word_1_359' title='bbox 0 0 2230 6123; x_wconf 95' lang='lat' dir='ltr'><strong><em> </em></strong></span> 
     </span>
    </p>
   </div>
  </div>
 </body>
</html>
