4450 6125
594 844 671 955 178
797 846 1108 928 cantatorium
1137 853 1230 931 sine
1266 851 1514 934 Chronieon

585 1158 768 1228 quererent
800 1148 835 1208 in
861 1165 1056 1218 commune,
1082 1149 1256 1227 quomodo
1287 1167 1322 1210 se
1353 1146 1502 1229 presenti
1533 1144 1726 1207 necessitati

584 1256 835 1327 compararent,
853 1248 930 1308 licet
945 1249 1178 1328 quorumdam
1197 1266 1255 1310 cor
1274 1267 1291 1310 a
1314 1248 1412 1311 labiis
1431 1247 1583 1318 distaret,
1606 1245 1642 1307 in
1666 1246 1728 1307 hoc

586 1360 699 1410 tamen
726 1367 845 1409 omnes
871 1349 931 1410 visi
956 1360 1037 1410 sunt
1063 1350 1282 1425 consensisse,
1310 1360 1349 1413 ut
1378 1350 1429 1411 vel
1455 1350 1497 1410 ad
1524 1356 1668 1428 tempus
1691 1347 1727 1408 in

584 1450 750 1512 sententia
772 1450 989 1529 persistentes
1014 1450 1232 1513 consulerent
1256 1451 1465 1513 estimationi
1485 1467 1545 1512 sue
1565 1458 1600 1511 et
1621 1446 1725 1521 fame,

585 1559 623 1613 ut
642 1559 677 1612 et
694 1552 754 1632 qui
774 1551 1001 1613 deliberarent
1026 1550 1168 1613 deficere
1193 1553 1290 1633 quasi
1314 1552 1417 1615 coacti
1439 1552 1641 1613 viderentur
1660 1549 1727 1611 hoc
1770 1563 1781 1613 s

584 1648 710 1713 fecisse.

622 1856 680 1913 74.
698 1848 776 1927 (88.)
793 1851 920 1911 Interea
934 1851 1099 1913 Otbertus
1110 1851 1209 1912 illum
1221 1870 1323 1914 suum
1337 1850 1536 1912 ordinatum
1548 1848 1724 1910 deducens

581 1952 737 2025 advenit,
769 1951 897 2012 habens
926 1969 1044 2014 secum
1073 1952 1293 2031 Arnulplrum
1325 1951 1525 2013 lobiensem
1561 1950 1723 2011 abbatem

581 2051 734 2130 itemque
766 2050 987 2129 Arnulphunr
1016 2053 1179 2113 comitem
1207 2052 1390 2131 pluresque
1423 2048 1586 2130 episcopii
1625 2048 1723 2110 nobi·

583 2149 693 2210 liores.
711 2150 870 2231 Cumque
890 2169 924 2213 se
945 2152 1000 2213 vix
1015 2153 1204 2215 contineret
1219 2171 1238 2214 a
1253 2151 1378 2228 lurore,
1395 2151 1597 2234 indignatus
1613 2150 1724 2213 nemi·
1755 2170 1795 2207 n>

585 2269 662 2312 nem
687 2251 763 2326 sibi,
789 2264 826 2314 ut
849 2254 1082 2330 mandaverat,
1107 2257 1321 2333 processisse,
1343 2255 1552 2334 optimatum
1578 2268 1724 2314 suorum

584 2365 747 2435 suggestu
769 2355 834 2415 hoc
858 2354 975 2434 ipsum
1001 2357 1200 2436 compulsus
1229 2364 1279 2417 est
1309 2355 1536 2428 dissimulare,
1561 2371 1603 2415 ne
1632 2352 1726 2413 vide-

585 2464 680 2517 retur
699 2472 899 2532 exasperare
918 2455 1045 2537 quibus
1064 2457 1173 2537 ignoti
1196 2455 1345 2518 hominis
1363 2473 1544 2535 personam
1565 2454 1726 2516 veniebat

584 2555 747 2637 ingerere.
780 2556 936 2617 Evocatis
964 2558 1071 2638 igitur
1098 2557 1272 2629 fratribus,
1302 2556 1426 2618 indixit
1462 2556 1510 2617 eis
1537 2556 1574 2617 in
1611 2572 1724 2616 unum

583 2658 776 2730 convenire,
793 2675 828 2717 se
843 2657 1057 2739 colloquendi
1079 2660 1189 2740 gratia
1213 2659 1297 2721 velle
1318 2656 1601 2720 convenientibus
1616 2656 1724 2718 inter·
1755 2676 1786 2727 ις

585 2776 710 2820 venire.

626 2971 684 3029 75.
703 2964 781 3046 (89.)
806 2966 934 3029 Relicto
948 2967 1088 3029 interim
1111 2968 1327 3048 lngobrando
1345 2978 1379 3030 et
1397 2967 1584 3047 assumptis
1606 2986 1727 3032 secum

585 3087 671 3150 quos
698 3067 883 3131 allectande
912 3070 960 3131 rei
989 3081 1130 3132 noverat
1160 3071 1310 3144 idoneos,
1341 3072 1381 3132 ad
1413 3067 1533 3132 fratres
1563 3071 1728 3150 processit

585 3186 709 3250 eosque
731 3169 832 3231 hilari
846 3181 861 3208 ⁶
884 3171 982 3232 vultu
1010 3171 1162 3233 salutans
1187 3171 1349 3234 consedit.
1375 3172 1417 3234 Et
1438 3170 1604 3252 premissa
1624 3189 1727 3253 ques·

586 3269 688 3346 tione,
712 3270 887 3352 quomodo
911 3288 946 3332 se
970 3271 1148 3346 haberent,
1171 3289 1277 3352 quem
1301 3271 1433 3333 exitum
1456 3281 1507 3333 tot
1531 3271 1633 3334 malis
1653 3273 1727 3336 suis
1755 3296 1796 3334 zo

585 3381 772 3451 sperarent,
795 3371 974 3451 subjunxit
996 3383 1136 3450 paterna
1158 3371 1387 3435 sollicitudine
1410 3372 1501 3453 quod
1525 3390 1629 3435 suum
1652 3382 1728 3452 erat

584 3471 652 3533 illis
674 3472 872 3551 providisse,
892 3491 1013 3534 eorum
1037 3473 1237 3533 desolationi
1261 3482 1394 3552 patrem
1416 3474 1580 3535 idoneum
1603 3492 1730 3554 procu·

585 3589 676 3634 rasse
700 3590 850 3653 eumque
876 3573 943 3634 illis
970 3573 1164 3636 adduxisse.
1192 3574 1258 3634 lllis
1283 3574 1324 3634 ad
1352 3575 1415 3636 hoc
1444 3573 1669 3637 reticentibus
1694 3587 1729 3638 et

586 3673 683 3752 quasi
703 3690 743 3734 ex
765 3674 883 3735 habitu
907 3675 971 3735 lese
991 3692 1071 3754 erga
1091 3692 1126 3736 se
1145 3675 1282 3754 pietatis
1297 3676 1432 3737 vultum
1454 3676 1489 3736 in
1509 3685 1601 3738 terra
1621 3677 1729 3740 decli·

586 3774 760 3846 nantibus,
780 3792 820 3836 ex
841 3775 894 3836 his
913 3775 971 3856 qui
992 3785 1225 3837 convenerant
1245 3795 1306 3855 pro
1324 3795 1385 3838 sua
1404 3777 1551 3858 quisque
1572 3776 1728 3858 potentia
1757 3807 1786 3858 ις

585 3873 674 3952 cepit
709 3874 900 3936 tacentibus
934 3893 1144 3949 succensere,
1180 3875 1380 3955 hujusmodi
1415 3886 1553 3958 gestum
1588 3893 1729 3941 summe

587 3972 728 4036 feritatis
752 3986 784 4037 ct
809 3976 1034 4037 immoderate
1059 3977 1313 4057 dedignationis
1338 3995 1420 4049 esse,
1444 3985 1597 4040 extreme
1618 3978 1729 4041 videri

587 4077 771 4151 dementie,
792 4078 840 4139 sic
859 4078 935 4139 illos
950 4079 1034 4140 velle
1052 4079 1210 4160 episcopo
1227 4079 1402 4141 leodiensi
1421 4079 1597 4154 obsistere,
1620 4079 1731 4143 nimia

589 4181 678 4259 apud
701 4198 758 4241 eos
779 4180 943 4260 patientia
970 4181 1068 4242 illum
1091 4181 1240 4244 viluisse.
1265 4181 1324 4262 qui
1352 4181 1483 4243 tamdiu
1508 4179 1730 4244 insolentiam

589 4299 709 4342 eorum
736 4281 782 4342 sic
809 4282 951 4359 impune
981 4282 1185 4361 pertulisset.
1220 4282 1397 4345 Fratribus
1425 4291 1561 4344 econtra
1591 4283 1732 4363 publice
1760 4313 1825 4366 ρ

590 4382 809 4444 causantibus
840 4393 951 4461 preter
980 4383 1090 4464 legem
1121 4403 1154 4444 se
1185 4383 1400 4464 pregravari,
1436 4383 1519 4445 satis
1553 4399 1733 4467 superque

592 4482 759 4561 injustum
775 4490 809 4543 et
825 4481 1029 4562 injuriosum
1045 4483 1164 4555 videri,
1179 4483 1335 4544 abbatem
1353 4482 1558 4545 habentibus
1569 4484 1731 4546 abbatem

592 4583 824 4661 superinduci,
848 4595 880 4645 ct
904 4585 965 4646 hoc
987 4585 1102 4664 ipsum
1129 4584 1256 4646 nullius
1284 4602 1402 4646 eorum
1430 4601 1502 4645 esse
1525 4583 1731 4666 cognitionis

594 4681 790 4761 nulliusque
817 4683 966 4760 legitime
990 4683 1174 4754 electionis,
1202 4683 1402 4764 indignatus
1426 4690 1477 4744 est
1502 4682 1670 4746 Otbertus
1695 4701 1730 4746 se

625 4921 651 4955 a.
671 4902 760 4969 hylari
774 4905 811 4953 A.
1750 4907 1790 4962 ³5
