4450 6125
533 796 589 880 56
751 800 1065 884 Gustatorium
1095 806 1189 883 sive
1224 802 1475 884 Chronieon

535 1096 629 1160 tibus
642 1098 812 1178 compulsi
829 1099 1052 1178 provinciales
1072 1101 1133 1161 has
1152 1098 1418 1162 consuetudines
1440 1098 1509 1160 Deo
1527 1105 1562 1158 et
1582 1097 1681 1158 besto

538 1197 692 1259 Huberto
727 1198 936 1271 devoverint,
973 1199 1168 1281 quibusque
1204 1200 1356 1279 probatis
1391 1198 1682 1261 consolationibus

536 1298 691 1380 legaiiter
705 1298 769 1360 sibi
787 1298 972 1362 firmandas
987 1300 1021 1361 in
1039 1311 1245 1380 perpetuum
1263 1300 1487 1373 instituerint,
1503 1299 1564 1381 qui
1577 1298 1681 1361 latius

537 1399 711 1461 addiscere
739 1401 896 1474 voluerit,
928 1401 1055 1483 relegat
1087 1410 1223 1464 textum
1256 1401 1503 1464 miraculorum
1536 1397 1679 1478 predicti

539 1501 674 1581 patroni
690 1501 711 1562 ¹.
737 1500 805 1563 Has
823 1501 936 1563 edicto
961 1501 1123 1564 Ludovici
1146 1502 1367 1582 imperatoris
1390 1501 1451 1575 Pii,
1476 1499 1537 1562 filii
1565 1499 1679 1561 Karoli
1724 1521 1736 1572 5

538 1600 654 1682 Magni
678 1610 712 1663 et
735 1601 879 1663 sinodali
909 1603 1022 1665 banno
1048 1602 1250 1676 Gualcaudi,
1279 1602 1473 1664 Leodiensis
1499 1598 1681 1680 pontificis,

538 1702 667 1764 ibidem
695 1702 855 1764 novimus
874 1704 884 1728 ²
905 1702 1072 1777 addictas,
1095 1713 1129 1764 et
1151 1702 1251 1764 certis
1273 1700 1401 1765 finibus
1422 1701 1522 1784 legali
1545 1698 1684 1763 firmato

543 2080 626 2127 unius
644 2078 697 2127 diei
713 2079 743 2128 de
762 2078 877 2145 singulis
897 2078 1016 2130 domibus
1035 2080 1162 2131 villarum
1180 2080 1402 2147 subscriptarum,
1419 2079 1536 2131 videlicet
1555 2076 1687 2129 Vilaniiae

543 2163 710 2230 (Villance),
732 2163 838 2215 Measirr
863 2164 1022 2233 (Maissin),
1045 2165 1152 2217 Ruduit
1176 2166 1299 2234 (Redu),
1328 2165 1438 2233 Vusceye
1458 2165 1510 2232 (1),
1534 2162 1688 2217 Jusunvills

543 2249 746 2317 (Jebonville),
761 2251 854 2303 Orien
867 2250 1051 2318 (Ochsmps)‚
1066 2252 1196 2304 Palatioli
1210 2252 1375 2321 (Paliseul),
1387 2252 1510 2320 Offenges
1524 2249 1686 2319 (offagne),
1716 2274 1746 2310 ιο

544 2335 696 2387 salsenrivi
712 2337 929 2404 (Sensenruth),
953 2337 1070 2405 Graydes
1086 2338 1232 2408 (Grside),
1251 2340 1362 2391 Gidines
1381 2337 1553 2405 (Gedinne).
1572 2335 1687 2396 loitres,

544 2425 606 2473 item
617 2421 721 2474 loitres
733 2423 1073 2490 (LouetteSaint·Pierre
1084 2434 1113 2477 et
1124 2424 1463 2490 Iouette-Sainfflenis),
1475 2425 1612 2479 Barsines,
1625 2424 1688 2474 item

544 2512 669 2561 Borsines
689 2509 993 2578 (Bourseignevieille
1014 2523 1042 2563 et
1064 2511 1377 2581 &migne-Neuris),
1397 2510 1515 2562 Riennes
1536 2509 1689 2577 (Rienne),

553 2594 686 2645 Wiierzeis
698 2595 898 2661 (Willerzies).
915 2595 1042 2663 Harneye
1055 2596 1237 2666 (Hargnies),
1250 2595 1394 2663 Altisageii
1405 2594 1586 2664 (Heutfays),
1599 2594 1691 2658 Orseis

545 2682 657 2748 (Oisy),
685 2681 806 2732 (lembus
827 2682 992 2748 (Gembes),
1018 2684 1118 2733 Buircs
1140 2682 1284 2749 (Bievre),
1311 2682 1390 2734 Givel
1414 2681 1541 2749 (Givet).
1566 2680 1640 2732 Idem
1660 2682 1691 2732 de
1721 2704 1748 2757 ¹5

545 2769 655 2818 decania
669 2768 834 2817 Boliunr'ensi
845 2768 1010 2836 (liehogne)
1023 2769 1053 2818 de
1067 2769 1182 2832 singulis
1194 2768 1312 2819 domibus
1325 2768 1453 2820 villarum
1467 2767 1690 2834 subscriptarum,

555 2853 660 2916 tr'ellrn,
678 2853 756 2903 llam
775 2853 1038 2921 (Han-sur·Lesse).
1055 2854 1212 2920 Herpruvic
1230 2856 1383 2923 (Eprave),
1402 2854 1543 2906 Bokanniae
1560 2853 1692 2920 (Recht-

548 2940 613 3004 iurt,
627 2956 653 2992 v.
667 2939 803 2991 cidessus
817 2956 843 3006 p.
860 2942 917 3007 ss).
929 2940 1040 2990 Gimeile
1050 2940 1210 3008 (Jemelle),
1221 2940 1340 2991 Marlide
1350 2940 1512 3008 (Marloie),
1522 2940 1579 2990 Asc
1587 2939 1692 3008 (Aye),

549 3026 689 3078 lloverine
711 3025 906 3092 (Havrcnne),
934 3026 1053 3078 Liccvrie
1076 3026 1232 3093 (Iessive),
1257 3026 1367 3079 Mashor
1395 3026 1589 3096 (Masbourg),
1618 3028 1694 3079 Burs

549 3114 665 3180 (Bure),
690 3112 778 3163 Telins
798 3113 933 3181 (Tellin),
955 3113 1083 3164 Wavrclie
1101 3114 1297 3180 (Wavreillc),
1319 3114 1414 3165 chins
1432 3115 1564 3182 (Tevin),
1584 3114 1693 3166 Seruus
1720 3133 1754 3170 20

550 3200 733 3268 (Ciergnon),
754 3198 848 3249 Vilcirs
865 3199 1170 3268 (villers-suriesse),
1182 3200 1322 3265 Jambline
1339 3200 1542 3267 (Jamblinnc)‚
1560 3199 1695 3252 Wanliens

550 3286 706 3353 (Wanlin).
727 3284 838 3335 Frulou
856 3285 1042 3352 (Froidlieu),
1056 3287 1115 3337 Ave
1131 3287 1373 3355 (Aveet·Auffe),
1388 3287 1492 3338 Montis
1508 3286 1604 3338 Sancti
1619 3285 1697 3338 Petri

552 3372 863 3440 (sarni-l‘ierremonr),
888 3372 1061 3430 Reimartin,
1089 3373 1206 3425 Renom'e
1230 3373 1408 3443 (Revogne).
1432 3374 1536 3425 Montis
1563 3373 1698 3425 Waichni

553 3459 807 3526 (Montgauthier).
821 3457 895 3508 Idem
912 3460 942 3508 de
956 3458 1077 3509 omnibus
1094 3458 1166 3510 villis
1180 3460 1304 3510 decaniae
1320 3461 1502 3511 Basioniensis
1514 3459 1696 3529 (Bastogne),

552 3547 641 3596 addito
648 3561 717 3611 pane
726 3562 779 3596 uno
787 3545 818 3596 de
829 3544 947 3596 domibus
956 3545 1081 3614 singulis.
1092 3546 1166 3615 Voy.
1176 3557 1250 3599 cette
1260 3546 1338 3599 bulle
1347 3547 1416 3599 dans
1425 3547 1452 3599 13
1464 3547 1578 3599 recente
1588 3545 1697 3600 edition
1725 3561 1757 3614 25

553 3633 589 3684 de
601 3631 638 3685 G.
653 3631 771 3690 Kunrri,
788 3633 899 3684 Chanes
910 3633 941 3683 de
952 3631 1066 3700 l'abbaye
1076 3634 1107 3683 de
1119 3632 1327 3694 Sirini-Hubert,
1342 3643 1361 3684 t.
1374 3633 1395 3695 1,
1409 3649 1457 3700 pp.
1474 3648 1520 3695 104
1532 3643 1561 3685 et
1573 3633 1648 3687 31111.

591 3728 597 3754 ¹
620 3719 642 3770 11
654 3721 745 3770 existe
755 3718 829 3770 deux
843 3720 1004 3771 recensions
1015 3720 1053 3771 du
1064 3719 1204 3770 Miracula
1217 3719 1313 3771 Sancti
1323 3718 1451 3777 Huberti,
1464 3718 1571 3771 editees
1583 3717 1660 3770 i'une
1670 3726 1700 3771 et

557 3807 656 3858 i'autre
677 3822 713 3857 en
734 3806 847 3857 dernier
867 3806 924 3858 iieu
946 3822 996 3873 per
1017 3806 1043 3859 lc
1067 3805 1236 3858 bollandiste
1263 3805 1415 3867 Deseror,
1433 3807 1504 3858 Acta
1525 3805 1698 3863 saneim.

559 3904 578 3945 t.
596 3894 630 3942 1⁸¹
646 3892 682 3942 de
700 3892 864 3953 novembre,
879 3908 926 3959 pp.
946 3894 994 3955 ⁸²3
1012 3901 1040 3943 et
1059 3893 1147 3953 suiv.;
1167 3893 1192 3944 13
1211 3894 1348 3954 mention,
1368 3908 1418 3960 par
1435 3892 1461 3944 13
1481 3892 1643 3962 chronique,
1660 3892 1699 3946 du

558 3979 653 4030 decret
670 3978 705 4029 de
719 3977 806 4029 Louis
823 3978 848 4028 le
862 3977 950 4029 Picus
965 3987 993 4028 et
1009 3978 1045 4029 de
1061 3978 1139 4029 l'idit
1151 3979 1186 4030 de
1200 3978 1334 4031 walcaud
1352 3994 1460 4046 prouve
1474 3995 1529 4047 que
1545 3979 1573 4031 le
1589 3979 1702 4033 chroni·
1729 3992 1765 4043 30

558 4079 650 4132 queur
662 4066 778 4116 renvoie
789 4066 804 4114 i
817 4063 843 4114 13
855 4064 976 4115 seconde
989 4065 1135 4116 recension
1148 4065 1185 4116 du
1196 4064 1345 4128 Miracula,
1355 4067 1414 4133 qui,
1428 4066 1517 4124 seule,
1529 4067 1659 4119 contient
1669 4080 1702 4118 oe

561 4153 635 4213 11311,
645 4166 710 4219 voy.
718 4166 742 4202 c.
752 4150 783 4214 6;
796 4165 948 4219 cepassege
958 4151 995 4202 du
1005 4149 1145 4201 Miracuia
1155 4166 1227 4203 nous
1236 4152 1361 4218 apprend
1371 4167 1406 4202 en
1416 4162 1499 4204 outre
1508 4168 1564 4220 que
1574 4152 1615 4206 ies
1623 4151 1702 4204 croix

560 4241 663 4292 durent
677 4239 856 4307 leurorigine
868 4241 883 4288 ir
895 4254 932 4288 un
944 4254 1007 4289 vrru
1019 4237 1065 4288 isit
1079 4253 1115 4289 en
1125 4240 1173 4303 837
1183 4254 1232 4305 per
1243 4238 1269 4290 ie
1282 4238 1375 4307 cierge
1388 4248 1416 4290 et
1430 4237 1471 4291 les
1484 4238 1703 4307 populations!

561 4327 587 4378 13
596 4327 670 4378 suite
681 4326 716 4378 dc
727 4324 817 4376 iic'aux
829 4326 877 4392 qui
887 4323 1048 4376 disolerent
1062 4324 1222 4393 longtemps
1234 4325 1260 4376 13
1271 4326 1368 4393 region
1381 4326 1468 4393 etqui
1482 4340 1517 4376 ne
1529 4323 1624 4377 iurent
1633 4339 1704 4377 oon·

562 4415 701 4481 jurisque
713 4428 762 4479 par
774 4411 977 4463 l'intercession
990 4411 1025 4462 de
1037 4412 1109 4462 saint
1124 4411 1245 4464 Hubert.
1733 4424 1767 4477 35

598 4508 606 4533 ¹
626 4497 725 4548 Ibidem
748 4500 870 4547 novimus
888 4514 897 4549 .·
913 4513 959 4548 ces
981 4507 1054 4550 muts
1073 4499 1248 4550 constituent
1267 4495 1293 4549 13
1312 4499 1375 4565 plus
1394 4498 1518 4551 sericuse
1535 4496 1706 4551 difficulter

563 4583 795 4643 l'identificariun,
805 4599 860 4651 que
872 4583 916 4650 j'ai
930 4584 1067 4650 proposes
1078 4584 1204 4645 ailleurs,
1213 4586 1248 4637 de
1261 4584 1424 4637 i'cuteurde
1437 4584 1462 4636 13
1474 4584 1628 4652 chronique
1637 4598 1706 4636 erec

562 4669 635 4722 celui
655 4671 692 4721 du
711 4670 870 4725 Mimcular
890 4686 956 4738 roy.
975 4673 990 4721 i
1010 4687 1042 4722 ce
1060 4672 1133 4737 sujet
1153 4687 1219 4723 mon
1240 4657 1469 4739 itureamque,
1488 4687 1515 4739 p.
1538 4685 1595 4737 109,
1614 4680 1643 4724 et
1662 4685 1706 4723 m

564 4757 683 4824 Ripense
698 4760 714 4806 d
727 4756 768 4810 M.
781 4757 908 4820 Ceuchr'e,
922 4774 946 4825 p.
959 4771 1004 4822 505
1015 4774 1022 4823 ;
1035 4765 1137 4817 corba,
1151 4758 1298 4814 (leuctris,
1311 4775 1386 4809 curer.
1400 4759 1459 4821 citi,
1473 4774 1491 4824 p
1518 4772 1573 4819 120,
1586 4768 1615 4810 et
1627 4757 1707 4811 Vnt-

566 4844 905 4905 1rmtxnm,rirclrir·es
919 4843 1020 4911 litiges,
1038 4857 1109 4908 1901,
1123 4854 1176 4894 art.
1194 4859 1215 4908 ι,
1230 4861 1257 4911 p.
1273 4857 1296 4906 3.
1733 4856 1773 4903 30
