4450 6125
865 842 1020 927 Sancti
1048 843 1261 928 Habent.
1583 845 1635 956 87

494 1155 531 1201 se
549 1138 683 1203 reniret
703 1141 891 1205 mandavit.
911 1142 1096 1205 Festinavit
1113 1142 1170 1204 ille
1185 1143 1264 1205 duci
1280 1159 1470 1217 occurrere,
1487 1142 1637 1205 incertus

493 1241 638 1304 omnino
652 1241 734 1322 quid
750 1242 864 1305 vellet.
876 1244 1077 1307 Leodienses
1091 1261 1172 1306 vero
1186 1262 1248 1325 pro
1262 1244 1476 1307 contentione
1494 1244 1634 1323 prelata,

496 1342 591 1405 nulla
609 1342 723 1406 adhuc
741 1342 903 1407 electione
924 1344 1071 1420 firmata,
1090 1363 1132 1406 ne
1151 1346 1326 1407 videretur
1341 1346 1546 1423 injuriosum
1564 1346 1634 1428 regi

442 1500 446 1510 .
494 1442 655 1506 baculum
692 1443 926 1525 pontificalem
962 1446 1067 1527 paulo
1103 1446 1275 1508 morosius
1310 1444 1439 1519 rcierri,
1480 1455 1517 1508 ut
1554 1465 1633 1509 eum

452 1570 466 1621 5
495 1542 635 1608 referret
650 1544 876 1625 injunxerunt
891 1547 1101 1609 Theoderico
1116 1560 1131 1585 ⁸
1145 1548 1272 1610 abbati.
1290 1548 1441 1625 Quidam
1462 1559 1577 1610 autem
1594 1549 1635 1609 de

493 1645 638 1720 clericis,
677 1646 764 1709 alter
802 1649 951 1710 alterum
992 1649 1197 1729 anticipans
1240 1650 1372 1713 curiam
1413 1648 1633 1728 irrepserant,

491 1764 632 1828 sperans
660 1746 806 1829 quisque
835 1751 886 1810 vel
917 1750 981 1811 sibi
1013 1761 1263 1828 proventurum
1296 1758 1459 1812 eventum
1490 1750 1550 1823 rei,
1582 1751 1631 1811 vel

491 1858 634 1929 paratus
652 1849 763 1930 gratia
783 1849 1026 1913 vicissitudinis
1046 1849 1131 1913 ferre
1151 1850 1354 1932 suffragium
1375 1852 1483 1912 alteri.
1504 1852 1631 1912 Interea

492 1951 661 2033 suggessit
683 1952 754 2013 dux
777 1953 940 2014 clericum
961 1954 1090 2028 adesse,
1115 1952 1169 2015 cui
1195 1952 1405 2032 episcopium
1432 1952 1631 2013 donandum

436 2070 467 2107 ιο
492 2052 709 2126 destinassem
726 2052 930 2135 dignaretur
949 2071 1018 2129 rex,
1036 2064 1076 2115 ut
1094 2064 1144 2116 est
1163 2054 1236 2131 ejus
1256 2053 1450 2115 donationis
1468 2054 1596 2134 agende
1610 2053 1631 2121 ¹,

491 2169 556 2232 pro
570 2152 733 2214 tribunali
749 2154 875 2227 sedere,
893 2164 926 2216 et
942 2154 1071 2216 vocatis
1088 2154 1334 2216 leodiensibus
1353 2154 1551 2233 episcopum
1568 2152 1634 2214 illis

490 2253 710 2316 constituere.
735 2253 936 2318 leodienses
959 2255 1100 2329 evocati,
1125 2255 1201 2317 lieet
1225 2257 1467 2317 morderentur
1490 2255 1633 2316 latenter

491 2352 619 2415 nemini
652 2371 774 2414 eorum
806 2357 897 2435 quod
934 2365 1157 2436 speraverant
1194 2356 1401 2435 provenisse,
1439 2373 1480 2416 ne
1517 2365 1631 2416 tamen

490 2454 658 2516 voluntati
685 2455 776 2537 regie
804 2473 871 2536 que
901 2457 935 2517 in
966 2456 1102 2536 negotio
1132 2457 1407 2535 preponderabat
1432 2455 1633 2517 viderentur

432 2576 460 2627 ις
489 2558 616 2627 deesse,
645 2562 883 2615 Theoderico«
905 2564 1019 2617 abbati
1049 2582 1087 2616 ex
1118 2565 1266 2617 consilio
1291 2564 1499 2616 referendam
1523 2566 1632 2631 impo-
1657 2570 1776 2637 Ruperti

489 2639 631 2717 suerunt
671 2667 784 2718 domni
827 2667 967 2719 Henrici
1007 2667 1230 2719 electionem.
1283 2660 1349 2736 Qui
1393 2678 1473 2722 cum
1512 2661 1632 2721 ceteris
1656 2639 1770 2756 {qm

488 2763 650 2823 assistens
676 2762 758 2843 regi,
792 2772 829 2823 ut
854 2774 927 2825 erat
952 2764 1004 2825 vir
1031 2766 1160 2826 urbane
1188 2764 1354 2844 elegantie
1381 2770 1631 2843 promptusque
1644 2747 1787 2836 nonai.

489 2862 612 2923 latialis
640 2863 861 2943 eloquentie²
893 2885 899 2925 :
930 2864 1045 2944 eliget,
1076 2865 1202 2946 inquit,
1232 2884 1305 2925 eum
1335 2864 1434 2935 Deus,
1464 2869 1494 2923 et
1522 2864 1563 2923 ab
1594 2882 1631 2923 eo

487 2964 693 3039 preelectum,
714 2983 772 3027 nos
788 2985 916 3046 quoque
930 2967 1117 3028 voluntarie
1131 2967 1321 3047 eligendum
1337 2966 1537 3026 decrevimus
1550 2955 1571 3024 ³.

423 3138 458 3175 20
519 3144 546 3176 a.
567 3126 711 3177 teoderico
722 3128 760 3178 A.

486 3366 610 3418 tribunal
623 3367 658 3417 de
671 3367 697 3418 la
710 3368 784 3434 paix,
799 3367 824 3417 le
838 3379 868 3431 27
884 3382 957 3417 mars
974 3369 1044 3419 1082.
1060 3366 1133 3433 Vuy.
1149 3365 1251 3424 Inrita,
1267 3365 1388 3415 Histoire
1400 3367 1434 3414 du
1448 3367 1544 3414 tiocise
1561 3373 1584 3413 et
1601 3367 1631 3414 ie

483 3455 510 3505 la
526 3457 698 3522 principauti
714 3456 744 3505 de
761 3455 840 3521 Litge
856 3456 947 3519 depuis
965 3453 1023 3503 leur
1039 3456 1142 3518 arigim
1154 3453 1284 3520 jusqu'au
1304 3452 1392 3502 ‚l‘llle
1409 3452 1493 3511 siiclc,
1513 3470 1560 3518 pp.
1581 3467 1627 3515 ⁴05

483 3554 512 3595 et
531 3544 604 3593 suiv.
625 3542 663 3593 La
683 3543 798 3609 parente
816 3541 936 3593 d'llenri
954 3557 1021 3591 avec
1041 3539 1196 3591 Godeiroid
1216 3539 1242 3589 le
1263 3539 1350 3589 Bossu
1373 3552 1413 3589 est
1435 3539 1559 3589 allirmie
1580 3556 1629 3605 par

484 3630 626 3697 plusieurs
645 3645 768 3689 sources,
786 3628 856 3679 elles
875 3628 937 3678 n'en
960 3627 1099 3693 pre'cisent
1123 3643 1170 3692 pas
1192 3627 1218 3677 lc
1238 3627 1332 3690 degre.
1355 3626 1412 3676 Cir.
1438 3626 1626 3685 Dtarxusxx,

420 3732 453 3782 25
482 3734 560 3768 oure.
573 3719 631 3777 citi,
646 3733 672 3783 p.
687 3730 727 3781 73,
743 3733 769 3766 n.
785 3730 808 3779 3.

521 3811 526 3838 ¹
551 3803 587 3853 tu
598 3812 635 3853 est
646 3806 703 3866 <jus
715 3804 863 3853 donationis
875 3804 972 3868 agendi
979 3824 986 3860 ,·
996 3817 1045 3851 sur
1057 3810 1131 3852 cette
1145 3802 1316 3850 nominatiun
1327 3800 1382 3850 d’ll
1387 3803 1446 3851 enti
1457 3801 1491 3851 de
1501 3801 1626 3857 Verdun,

483 3905 583 3941 oeurre
605 3905 724 3956 presque
742 3888 886 3940 exclusive
906 3888 943 3938 du
966 3889 1125 3947 souverain,
1145 3903 1178 3937 au
1200 3887 1304 3953 me'pris
1321 3887 1370 3937 des
1389 3888 1530 3952 principes
1547 3903 1627 3937 cano

485 3979 595 4044 niques,
613 3978 639 4043 je
657 3993 692 4027 ne
709 3977 772 4042 puis
788 3992 843 4042 que
859 3991 998 4041 renvoyer
1009 3991 1043 4025 au
1058 3974 1253 4041 remarquable
1272 3974 1371 4025 travail
1383 3974 1418 4023 de
1432 3974 1466 4026 n.
1480 3975 1626 4028 (factitia.

486 4062 528 4113 La
537 4062 650 4131 puercllc
658 4064 700 4112 des
709 4062 881 4112 investituris
893 4063 959 4111 dnus
968 4062 1004 4111 les
1013 4062 1122 4110 dt'occ'sts
1131 4061 1161 4110 dc
1170 4060 1248 4124 Lii‘ge
1256 4069 1281 4110 et
1292 4062 1322 4110 tle
1333 4060 1468 4120 cernitar,
1483 4068 1518 4110 ιη
1528 4063 1626 4125 partie,

424 4166 459 4216 30
487 4167 534 4216 pp.
550 4164 579 4214 ²7
593 4161 621 4200 et
637 4152 707 4200 suiv.
724 4149 861 4209 Louvain,
878 4150 1028 4212 189o1891.

521 4245 530 4271 ¹
551 4236 626 4288 Pour
637 4236 719 4285 latine
729 4236 880 4302 eloquentie.

522 4330 531 4366 ³
551 4323 585 4374 A.
599 4323 745 4382 Cuttilula,
759 4339 833 4372 ottttr.
847 4326 905 4381 citt,
920 4333 939 4374 t.
953 4322 974 4382 l,
989 4338 1016 4388 p,
1027 4323 1067 4379 28,
1080 4324 1235 4386 interprete
1249 4320 1288 4370 les
1298 4320 1408 4386 insoles
1417 4320 1451 4370 de
1462 4320 1581 4385 Thierry
1595 4320 1629 4370 pr

486 4426 597 4461 comme
616 4431 627 4456 u
653 4426 707 4460 une
730 4410 827 4460 timide
854 4409 933 4471 lacon
956 4408 991 4460 de
1016 4409 1152 4465 reserver,
1179 4423 1250 4474 pour
1274 4407 1398 4460 l'arcnir.
1428 4406 1453 4457 le
1481 4407 1554 4456 droit
1579 4408 1629 4457 des

487 4498 626 4549 electeurs
650 4518 671 4550 a.
691 4497 725 4549 Je
743 4500 816 4549 crois
837 4499 928 4564 pluttn
950 4514 1004 4564 que
1030 4497 1054 4547 la
1077 4495 1249 4547 declaration
1275 4496 1310 4545 de
1334 4495 1432 4554 l'abbe',
1456 4495 1572 4546 relative
1592 4512 1626 4547 au

425 4602 457 4653 35
488 4585 611 4651 pre'sent,
631 4600 646 4635 a
668 4600 740 4650 pour
761 4584 809 4635 but
829 4584 862 4634 de
887 4584 984 4634 laisser
1006 4587 1020 4634 ii
1044 4583 1214 4649 l'empereur
1239 4581 1263 4631 la
1288 4581 1502 4646 responsabilite
1522 4582 1557 4632 de
1577 4598 1626 4632 son

487 4673 570 4724 choix
591 4688 597 4722 :
619 4692 631 4720 a
651 4670 741 4723 Nutre
760 4671 895 4730 electiori,
921 4674 1031 4722 insinue
1050 4669 1224 4722 habilement
1251 4668 1387 4734 Thierry,
1407 4679 1448 4719 est
1471 4669 1628 4719 condition·

487 4760 574 4818 nelle;
595 4775 667 4811 nous
685 4759 790 4810 elisons
811 4758 900 4809 Henri
918 4759 953 4808 de
968 4759 1080 4808 l'erdun
1101 4773 1173 4823 pour
1191 4767 1287 4806 autaut
1304 4755 1371 4822 qu’il
1388 4756 1469 4820 agree
1482 4760 1496 4806 a
1511 4746 1595 4807 liwir:
1613 4774 1627 4804 a

486 4845 655 4911 l’empereur
672 4846 745 4897 done
762 4846 796 4896 de
813 4845 974 4896 consideret
991 4846 1013 4895 si
1031 4844 1071 4895 les
1089 4846 1203 4894 meritus
1221 4843 1254 4894 de
1272 4859 1322 4893 sun
1341 4844 1455 4908 protegi
1468 4848 1526 4893 loni
1540 4844 1574 4893 de
1588 4842 1626 4892 lut

485 4931 552 4984 l'elu
564 4933 599 4983 de
613 4931 694 4983 Dieu.
711 4953 722 4979 i
