4450 6125
579 892 660 946 220
791 866 1103 948 Cantatorium
1132 871 1225 947 siue
1260 866 1511 947 Chronieon

458 1173 530 1226 ¹097·
616 1160 675 1219 89.
688 1159 787 1234 (111.)
801 1158 844 1219 Ε1
859 1159 943 1220 dum
955 1159 1121 1222 Otbertus
1134 1157 1256 1222 fratres
1270 1159 1398 1222 iterum
1414 1167 1517 1241 atque
1532 1158 1663 1222 iterum
1677 1159 1721 1222 de

575 1258 733 1339 eligendo
746 1259 868 1321 abbate
883 1260 1113 1340 compelleret,
1132 1269 1215 1322 tunc
1230 1260 1373 1322 demum
1390 1259 1459 1322 illis
1472 1258 1610 1340 prefixit
1625 1260 1721 1323 diem

576 1378 646 1442 quo
665 1360 749 1421 tales
767 1360 1082 1424 determinarentur
1100 1360 1292 1424 dilationes.
1316 1360 1452 1423 Electus
1467 1361 1609 1423 tandem
1627 1378 1723 1424 com·

577 1459 675 1522 muni
690 1460 849 1521 omnium
862 1477 1030 1523 consensu
1041 1473 1057 1499 ⁰
1071 1460 1213 1541 quidam
1230 1460 1409 1535 Girardus,
1428 1460 1595 1523 leodium
1614 1461 1722 1524 duce-

578 1561 691 1634 batur,
713 1559 821 1622 euml
841 1563 1105 1626 intereundum
1127 1563 1170 1624 de
1191 1562 1335 1625 Otberto
1359 1563 1451 1643 cepit
1475 1563 1531 1642 agi
1557 1580 1675 1625 sermo
1702 1582 1723 1627 a
1767 1579 1780 1631 1
1817 1620 1826 1627 .

578 1661 836 1737 deducentibus,
853 1664 985 1725 donum
1005 1662 1079 1744 ejus
1100 1663 1196 1726 nullo
1216 1663 1320 1724 modo
1334 1661 1531 1742 legitimum
1547 1659 1630 1738 lore,
1648 1671 1724 1724 tam

577 1779 641 1841 pro
672 1762 806 1824 llenrici
841 1764 930 1845 regis
962 1762 1251 1826 excommunicati
1284 1763 1495 1842 subjectione
1521 1780 1628 1845 quam
1659 1781 1726 1843 pro

578 1861 698 1943 prefati
718 1865 845 1927 castelli
868 1865 1112 1939 refirmatione,
1129 1865 1222 1946 quod
1238 1866 1432 1927 restruebat
1447 1863 1586 1926 Henrici
1606 1863 1726 1943 ponti·

578 1963 651 2026 licis
681 1965 834 2046 neglecto
862 1968 1092 2040 anathemate,
1119 1976 1194 2028 tum
1222 1968 1327 2028 etiam
1356 1983 1419 2046 pro
1442 1963 1551 2027 effuso
1579 1965 1725 2045 propria

579 2083 685 2126 manu
720 2066 793 2144 ejus
828 2069 1091 2142 monachorum,
1128 2069 1238 2129 immo
1273 2067 1503 2140 sacerdotum,
1539 2064 1724 2146 sanguine.
1755 2089 1784 2126 1ο

552 2164 786 2246 ·Hujusmodi
819 2168 1007 2249 disputatio
1039 2168 1126 2229 dum
1157 2168 1323 2231 attentius
1355 2173 1601 2231 retractaretur
1633 2166 1728 2227 inter

580 2264 810 2328 Gislebertum
839 2268 1009 2329 decanum
1036 2276 1071 2328 et
1097 2267 1277 2329 Wiredum
1308 2268 1540 2330 Ebernensem
1569 2267 1729 2348 preposi-

580 2376 669 2441 tum,
686 2376 932 2448 persuaseruut
952 2369 1123 2431 Girardoc
1139 2369 1278 2432 interim
1297 2370 1513 2443 cessandum,
1530 2370 1641 2430 donec
1660 2368 1728 2449 ipsi

579 2477 701 2529 euntes
727 2468 895 2530 leodium
920 2486 1025 2549 super
1051 2471 1104 2531 his
1129 2470 1286 2532 abbatem
1312 2468 1531 2533 consulerent
1555 2468 1728 2551 Berenge·

581 2585 671 2629 rum.
686 2568 853 2632 Girardus
864 2568 891 2646 d,
904 2580 943 2633 ut
957 2582 1031 2633 erat
1043 2572 1097 2633 vir
1109 2571 1238 2652 probus
1252 2578 1286 2633 et
1298 2571 1429 2633 nullius
1443 2571 1569 2648 injuste
1584 2586 1728 2648 promo·
1758 2591 1782 2645 ις

579 2666 683 2729 tionis
710 2671 868 2749 cupidus,
898 2671 1102 2752 simpliciter
1133 2671 1231 2733 cessit
1260 2670 1328 2732 illis
1357 2670 1428 2732 suis
1455 2669 1727 2746 consultoribus,

580 2769 780 2834 condictum
806 2772 854 2833 rei
879 2773 1056 2852 negotium
1083 2774 1176 2836 ultro
1200 2772 1459 2853 exequentibus.
1488 2771 1556 2848 Qui
1583 2790 1666 2834 cum
1692 2773 1728 2835 id

582 2871 719 2950 penitus
736 2891 802 2933 non
819 2875 955 2936 curanti
971 2875 1163 2956 Berengero
1178 2875 1220 2936 de
1235 2874 1411 2935 reddendo
1426 2892 1530 2955 super
1544 2873 1600 2935 his
1617 2874 1732 2937 consi-

583 2971 629 3032 lio
647 2984 883 3055 suggererent,
901 2975 1013 3036 eidem
1027 2975 1133 3038 etiam
1149 2974 1293 3037 Otberto
1307 2974 1399 3056 quod
1415 2974 1457 3037 de
1471 2974 1562 3036 dono
1578 2993 1645 3037 suo
1660 2991 1729 3039 non

582 3074 683 3155 legali
705 3077 911 3139 verebantur
932 3078 1140 3159 ingererent,
1157 3076 1214 3138 ille
1235 3076 1269 3137 id
1292 3076 1357 3138 sibi
1379 3075 1477 3157 quasi
1498 3077 1542 3137 ad
1560 3076 1730 3157 injuriam
1756 3098 1789 3137 1ο

584 3184 747 3255 reputans
757 3176 944 3258 ingestum,
958 3178 1171 3258 primoribus
1183 3176 1254 3239 suis
1265 3177 1456 3239 crastinum
1469 3176 1597 3239 indixit
1612 3176 1730 3257 publi·

583 3292 662 3338 cum
677 3278 902 3351 auditorium,
919 3288 953 3341 et
969 3290 1088 3340 utrum
1104 3278 1308 3354 injuriosam
1323 3277 1388 3339 sibi
1403 3277 1537 3340 tamdiu
1551 3277 1731 3341 abbatiam

584 3376 699 3440 Sancti
723 3378 865 3441 Huberti
887 3377 1043 3442 funditus
1064 3379 1260 3441 annullaret
1285 3396 1328 3440 an
1353 3377 1530 3441 ordinaret
1549 3377 1660 3442 edixit
1680 3379 1730 3441 eis

583 3477 824 3540 incommune
846 3480 1109 3541 consulendum.
1132 3478 1431 3542 Succlamantibus
1456 3478 1588 3541 cunctis
1608 3480 1732 3560 pocius

583 3578 820 3654 ordinandam,
838 3581 966 3642 iterum
990 3587 1092 3661 atque
1112 3578 1270 3660 [iterum]
1290 3579 1364 3659 ejus
1384 3579 1511 3642 obtulit
1533 3579 1732 3664 berengero
1759 3600 1789 3653 ²5

583 3680 846 3759 providentiam.
869 3681 926 3743 llle
946 3700 1026 3743 cum
1046 3681 1152 3742 semel
1172 3690 1365 3743 recusatam
1383 3680 1586 3743 nullomodo
1599 3681 1730 3746 admit·

584 3788 671 3842 teret
694 3799 825 3856 curam,
853 3799 1074 3844 communem
1098 3781 1260 3843 omnium
1285 3780 1415 3860 accepit
1441 3780 1662 3858 sententiam,
1690 3793 1732 3846 ut

583 3881 770 3943 destinaret
790 3901 855 3963 pro
875 3882 1093 3945 estimatione
1113 3899 1187 3956 sua,
1209 3899 1315 3963 quam
1335 3881 1377 3942 ad
1399 3882 1462 3944 hoc
1482 3883 1730 3965 exequendum
1819 3883 1826 3916 '-

616 4056 644 4093 a.
662 4055 800 4093 consensu
813 4044 959 4110 riptttpur
969 4058 1073 4098 erreur,
1085 4042 1149 4110 puis
1165 4040 1228 4108 bifft
1243 4042 1311 4090 dans
1325 4041 1363 4091 A.
1382 4068 1415 4079 -
1432 4039 1455 4091 b.
1474 4056 1509 4093 cu
1526 4041 1563 4093 Α.
1584 4070 1617 4081 -
1634 4058 1659 4095 ι.
1677 4058 1733 4113 go-

584 4128 668 4181 tardo
678 4129 716 4181 Α.
729 4157 761 4166 -
774 4129 799 4180 d.
812 4128 956 4181 Gerardus
967 4129 1006 4180 A.
1761 4151 1794 4204 30

584 4412 691 4481 dignite
711 4414 880 4481 episcopale,
903 4415 971 4482 qu'il
993 4414 1132 4467 recueillit
1153 4414 1262 4466 l'annee
1283 4416 1375 4467 meme
1392 4414 1428 4467 de
1446 4415 1473 4467 la
1492 4423 1566 4467 mort
1584 4413 1733 4482 d'Otbert,

588 4514 660 4564 1119,
679 4516 743 4567 roy.
764 4500 822 4551 Vua
838 4501 974 4551 Friderr'ci
986 4503 1101 4568 episcopi
1115 4501 1276 4558 leodiensis,
1296 4500 1412 4559 MGH„
1428 4500 1491 4559 SS„
1511 4510 1532 4555 t.
1545 4499 1612 4566 xll,
1625 4517 1655 4571 p.
1669 4515 1733 4570 504.

585 4592 613 4648 3⁰
632 4585 723 4636 Raoul
742 4597 783 4637 cst
803 4587 858 4638 cite
876 4602 987 4638 comme
1005 4587 1174 4649 chancelier,
1192 4587 1255 4653 puis
1274 4587 1375 4653 prevot
1394 4589 1476 4655 apres
1492 4585 1648 4652 Manem,
1665 4603 1734 4644 nna

585 4672 712 4723 mention
724 4672 759 4723 de
772 4673 797 4723 la
809 4673 917 4740 dignite
927 4674 1166 4741 archiepiscopale
1177 4673 1247 4725 dont
1261 4672 1279 4723 il
1293 4672 1335 4725 lut
1347 4675 1446 4726 revetu
1457 4673 1508 4725 db·
1518 4673 1639 4728 octobre
1653 4675 1731 4730 1106.

583 4765 612 4820 4⁰
628 4756 720 4809 D’une
737 4757 817 4822 iacun
835 4759 960 4822 absolue,
977 4760 1003 4810 la
1022 4760 1174 4827 chronique
1190 4775 1227 4811 ne
1245 4760 1333 4812 relate
1351 4776 1400 4827 pas
1418 4776 1457 4813 un
1474 4760 1536 4814 seul
1553 4759 1613 4825 11111,
1634 4763 1733 4818 meme
1759 4779 1791 4834 35

583 4861 634 4913 par
651 4844 783 4907 allusion,
800 4861 923 4897 survenu
942 4849 1024 4912 apres
1043 4846 1105 4897 1106
1112 4862 1119 4906 ;
1138 4847 1289 4913 exception
1307 4846 1373 4899 faite
1390 4847 1428 4900 du
1447 4861 1562 4917 passage
1579 4847 1730 4918 cidenas,
1766 4869 1768 4874 ·

583 4941 696 5001 suspect
707 4933 776 4984 dans
788 4933 814 4984 la
825 4932 915 4985 lorme
927 4936 963 4985 uir
977 4934 996 4984 il
1009 4949 1081 4986 nous
1093 4941 1136 4985 est
1149 4947 1284 4999 parvenu.
