4450 6125
835 894 989 975 Sancti
1020 892 1229 976 Habenti.
1532 922 1613 1002 ²¹7

474 1188 611 1262 vestitu,
630 1188 718 1251 etin
736 1188 1014 1271 quibuscumque
1037 1199 1171 1271 poterat
1191 1192 1330 1254 ecclesie
1352 1190 1561 1270 profectibus
1581 1201 1615 1253 et

474 1289 693 1363 utilitatibus,
709 1307 789 1353 cum
811 1292 875 1353 sub
897 1292 1111 1355 Theoderico
1132 1292 1267 1370 juniore
1287 1303 1421 1355 assueta
1445 1292 1614 1373 dignitate

474 1392 641 1472 privatus,
659 1390 890 1454 adolescentes
910 1392 974 1455 sibi
994 1393 1138 1473 preponi
1156 1393 1341 1472 justissime
1358 1392 1611 1474 indignaretur,

473 1492 557 1556 adeo
587 1499 725 1554 coactus
751 1491 831 1572 [est]
857 1493 1021 1573 desipere,
1060 1504 1098 1556 ut
1132 1504 1209 1575 post
1240 1494 1426 1557 discessum
1458 1494 1614 1573 ejusdem

432 1603 444 1654 5
474 1593 674 1657 Theoderici
688 1606 713 1668 ⁴,
738 1594 929 1655 scrinulum
953 1595 1040 1655 beati
1066 1595 1222 1668 liuberti,
1239 1596 1332 1677 quod
1354 1604 1497 1675 argento
1516 1612 1616 1674 para·

474 1702 579 1770 verat,
597 1696 711 1758 ablato
732 1695 837 1757 etiam
858 1697 984 1774 capitio
1004 1713 1107 1758 aureo
1123 1696 1260 1758 mirifici
1276 1698 1389 1777 operis
1403 1698 1614 1777 dispararet;

473 1816 552 1863 cum
581 1798 796 1860 exactoribus
827 1798 976 1878 episcopi
1007 1807 1075 1860 tres
1103 1816 1221 1861 cruces
1250 1816 1371 1861 aureas
1395 1808 1428 1860 et
1457 1801 1614 1862 tabulam

474 1896 592 1960 altaris
605 1914 746 1959 auream
762 1896 796 1959 in
813 1898 1025 1976 coemptione
1040 1898 1233 1960 Buloniensi
1250 1898 1491 1972 deliberaret¹;
1507 1899 1616 1962 Gode-

475 1996 563 2061 frido
581 1997 623 2059 de
646 1997 842 2060 Hamiduo
860 1998 1039 2070 dorsalia',
1061 2016 1142 2062 cum
1164 1999 1345 2061 dalmatica
1368 2017 1434 2061 una
1454 2009 1488 2060 ct
1507 2018 1615 2081 cappa

418 2120 448 2157 ιο
476 2097 724 2171 commodaret;
762 2099 796 2158 in
834 2098 905 2178 ipsa
941 2117 1078 2180 quoquc
1113 2098 1315 2161 infirmitate
1350 2117 1411 2161 sua
1448 2109 1615 2175 extrema,

475 2201 668 2280 Berengcro
691 2209 822 2278 partem
847 2199 921 2261 auri
944 2210 978 2261 et
1003 2199 1138 2280 copiam
1161 2200 1317 2280 lapidum
1341 2200 1574 2278 preciosorum
1598 2220 1617 2264 a

475 2302 549 2363 loco
561 2300 770 2381 asportanda
786 2300 1005 2381 relinqueret.
1022 2300 1063 2361 Et
1079 2300 1188 2362 necui
1207 2301 1364 2362 videatur
1378 2302 1419 2362 de
1434 2302 1617 2365 lamberto

475 2404 536 2464 hec
561 2402 640 2463 talis
670 2401 809 2471 mentio,
838 2402 889 2462 vel
918 2403 1009 2481 apud
1042 2401 1152 2464 Deum
1182 2400 1311 2481 penalis
1340 2402 1534 2464 criminatio
1565 2403 1615 2465 vel

474 2505 564 2584 apud
593 2505 748 2565 homines
774 2504 943 2581 iudicialis
968 2504 1147 2577 detractio,
1171 2504 1304 2565 noverit
1329 2522 1409 2565 eum
1434 2504 1557 2566 acerbo
1581 2513 1616 2566 et

418 2619 445 2670 ¹5
474 2605 577 2686 longo
596 2605 723 2677 dolore,
742 2615 780 2667 ut
801 2606 865 2665 hoc
885 2604 1020 2676 faceret,
1038 2615 1273 2683 provocatum,
1290 2606 1375 2667 dum
1395 2604 1498 2667 nimis
1517 2605 1616 2666 inho-

476 2716 569 2768 neste
594 2715 758 2769 tractatus
782 2717 816 2768 et
840 2707 1018 2786 despectus
1040 2706 1075 2767 in
1104 2708 1176 2785 ipsa
1202 2714 1387 2779 senectute,
1411 2715 1461 2768 tot
1484 2706 1616 2771 labores

475 2807 664 2883 iuventutis
683 2825 742 2869 sue
762 2807 854 2886 apud
876 2806 1028 2887 ingratos
1047 2807 1177 2869 doleret
1195 2807 1390 2878 evanuisse;
1411 2808 1491 2887 quia
1512 2819 1545 2870 et
1565 2816 1615 2869 cst

477 2905 710 2969 miserrimum
726 2926 836 2988 genus
849 2905 1055 2969 inlelicitatis
1071 2904 1202 2969 felicem
1218 2906 1331 2979 luisse,
1348 2908 1438 2970 etde
1458 2925 1564 2989 regno
1579 2908 1615 2969 in

475 3006 666 3080 servitium,
685 3008 794 3070 immo
808 3007 1043 3081 contumelias,
1060 3009 1228 3072 decidere.

416 3257 449 3293 20
517 3231 576 3290 88.
594 3229 693 3303 (110.)
717 3227 751 3287 ln
778 3229 897 3287 eodem
921 3246 1001 3289 vero
1021 3244 1124 3299 anno,
1146 3226 1304 3287 Kalendis
1326 3225 1431 3305 Junii,
1452 3226 1616 3288 Otbertus
1667 3249 1738 3311 1097,

475 3338 628 3390 castrum
648 3327 797 3397 Mirvolt,
816 3345 883 3387 non
904 3328 1003 3409 longe
1023 3328 1130 3390 situm
1150 3346 1168 3389 a
1190 3326 1407 3399 monasterio,
1423 3328 1465 3387 ad
1483 3327 1614 3388 desola-
1642 3309 1677 3350 ¹⁸
1691 3317 1761 3367 ¹⁰¹⁰·

475 3428 604 3489 tionem
627 3428 898 3506 circumjacentis
919 3429 1093 3508 provincie
1115 3428 1314 3490 refirmavit.
1338 3428 1451 3502 Quod,
1470 3428 1615 3490 obtentu

474 3529 594 3590 domni
610 3528 807 3591 Theoderici
825 3529 974 3603 maioris,
995 3529 1162 3592 ilenricus
1177 3530 1355 3609 episcopus
1370 3530 1536 3605 dejecerat
1552 3532 1617 3590 sub

475 3631 753 3694 interminatione
774 3632 931 3711 perpetui
951 3632 1196 3701 anathematis,
1219 3630 1334 3709 ipsum
1356 3648 1494 3710 quoque
1518 3646 1616 3690 mon·

414 3763 445 3812 25
476 3743 556 3805 tem,
580 3732 639 3812 qui
662 3734 705 3793 ab
726 3733 869 3812 antiquo
890 3730 1000 3793 iuerat
1025 3731 1113 3792 beati
1138 3730 1280 3792 liuberti
1306 3729 1455 3800 ecclesie,
1480 3728 1617 3792 firmato

477 3832 655 3914 privilegio
686 3831 839 3912 legaliter
873 3831 1039 3904 reddidit,
1066 3831 1203 3892 condita
1236 3830 1362 3890 ibidem
1396 3837 1430 3890 et
1461 3830 1617 3892 dedicata

475 3933 612 3995 ecclesia
636 3933 669 3994 in
694 3936 822 3995 honore
845 3934 931 3994 beati
954 3933 1138 4003 Michaelis,
1162 3930 1282 3992 iratres
1301 3932 1476 4004 secretius,
1499 3943 1618 4011 utpote

476 4033 512 4096 in
534 4035 676 4106 deserto,
701 4034 768 4094 Deo
791 4033 999 4095 militaturos
1020 4032 1210 4094 constituit.
1233 4032 1464 4093 provinciales
1486 4042 1615 4103 autem,

476 4151 517 4195 ex
531 4134 656 4196 timore
670 4133 891 4195 desolationis
905 4151 1011 4215 quam
1027 4133 1235 4194 verebantur
1251 4150 1317 4193 non
1335 4133 1447 4193 solum
1464 4133 1540 4201 sibi,
1556 4132 1614 4193 sed

416 4263 450 4314 ³0
477 4244 510 4297 et
539 4235 684 4315 posteris
711 4235 794 4308 suis,
826 4235 981 4295 condicta
1014 4233 1069 4294 die
1100 4245 1333 4295 convenerunt
1365 4234 1407 4293 ad
1439 4233 1617 4294 ecclesiam

509 4459 536 4493 a.
555 4441 635 4492 Dans
647 4443 684 4504 A,
697 4460 729 4493 mr
742 4442 776 4493 lit
788 4442 921 4494 teoderici
934 4441 1060 4493 eiusdem
1073 4457 1144 4494 corr.
1156 4458 1188 4491 en
1201 4457 1227 4492 e.
1241 4449 1261 4490 t.
1275 4469 1307 4479 -
1324 4439 1348 4494 h.
1368 4441 1402 4492 ui
1421 4442 1458 4492 A.

513 4778 521 4806 ¹
540 4770 693 4833 Odessus,
708 4788 736 4839 p·
750 4786 809 4837 207.

512 4857 689 4920 'Deusara
716 4859 843 4928 pallium,
872 4861 926 4910 siae
953 4859 1089 4921 auheum,
1120 4859 1189 4928 quod
1211 4856 1358 4928 pcrisb’bas
1386 4858 1555 4925 appenditur,
1581 4855 1621 4906 st'c

477 4945 589 5006 dictum,
603 4946 671 5012 quod
680 4947 780 4997 sedenti
789 4946 826 4996 ad
835 4946 943 4997 dorsum
954 4961 1100 5013 appensum
1112 4948 1158 4999 sit.
1172 4943 1218 4997 Du
1230 4944 1345 4998 Canas.
