4450 6125
618 861 694 945 130
822 860 1134 940 cantatorium
1163 863 1256 939 stne
1291 858 1540 940 Chronieon

654 1165 712 1224 56.
744 1165 823 1240 (70.)
852 1161 1002 1237 Quidam
1031 1159 1154 1221 nobilis
1183 1158 1372 1240 Sigeiridus
1397 1172 1412 1198 ⁶
1441 1177 1520 1221 cum
1551 1177 1659 1222 uxore
1694 1180 1764 1224 sua
1860 1179 1865 1189 ·

610 1261 838 1324 condixerunt
862 1259 926 1321 sibi
952 1258 1125 1321 inviseret
1154 1259 1328 1321 ecclesiam
1355 1259 1444 1321 beati
1471 1259 1614 1322 liuberti
1641 1261 1763 1342 gratia

611 1364 790 1436 orationis,
818 1360 878 1443 qui
903 1362 945 1422 ab
970 1362 1089 1422 abbate
1116 1363 1255 1422 honeste
1278 1361 1439 1439 suscepti,
1467 1360 1666 1443 ibidemque
1693 1381 1764 1443 per

611 1465 769 1526 triduum
796 1461 930 1535 retenti,
959 1480 1022 1541 pro
1046 1462 1201 1542 impensa
1227 1460 1290 1523 sibi
1317 1462 1580 1525 benevolentia‘
1604 1462 1759 1538 inducti,

610 1564 776 1625 allodium
788 1564 830 1623 de
846 1562 991 1623 Moroldi
1006 1561 1083 1623 Heis
1096 1562 1118 1637 ¹,
1134 1562 1225 1641 quod
1239 1571 1310 1623 erat
1322 1579 1457 1636 eorum,
1469 1563 1605 1625 ecclesie
1616 1565 1759 1628 obtule·
1811 1586 1824 1635 5

610 1673 703 1738 runt,
730 1663 856 1742 partim
881 1662 989 1743 gratis
1013 1662 1229 1736 donandum,
1253 1662 1381 1743 partim
1408 1664 1451 1723 ab
1476 1662 1524 1724 eis
1548 1664 1758 1727 emendum.

609 1765 752 1826 Gavisus
774 1765 879 1827 abbas
900 1781 935 1824 se
956 1762 1125 1824 invenisse
1146 1763 1418 1842 oportunitatem
1435 1764 1538 1843 hujus
1555 1763 1760 1846 acquisitio·

608 1865 671 1940 nis,
695 1865 878 1927 duodecim
902 1881 1036 1925 marcas
1056 1862 1190 1943 argenti
1213 1863 1286 1924 viro
1305 1873 1339 1926 et
1358 1864 1458 1926 uxori
1474 1866 1548 1942 eius
1563 1874 1759 1947 antequam

607 1965 802 2027 recederent
818 1965 996 2043 appendit,
1014 1972 1047 2024 et
1062 1963 1253 2042 predictam
1267 1963 1514 2042 possessionem
1526 1981 1606 2027 cum
1618 1962 1758 2028 familia

606 2076 639 2127 et
652 2065 814 2126 omnibus
828 2063 901 2143 ejus
915 2062 1124 2142 appenditiis
1139 2064 1277 2126 ecclesie
1289 2064 1307 2103 d
1318 2064 1579 2144 imperpetuum
1594 2065 1758 2145 legaliter
1792 2093 1826 2130 10

605 2166 768 2227 donatam
784 2163 935 2244 optinuit
953 2164 975 2226 ².

645 2371 703 2427 57.
729 2367 807 2445 (γι.)
831 2363 1028 2443 Stephanus
1052 2364 1256 2426 castellanus
1282 2365 1407 2427 Montis
1433 2356 1585 2428 Acuti‘³
1612 2377 1756 2430 casatus

603 2477 676 2528 erat
687 2465 836 2538 ecclesie,
849 2474 1022 2547 quantum
1038 2465 1078 2526 ad
1096 2464 1183 2525 filios
1199 2475 1231 2526 et
1248 2463 1335 2526 filias
1351 2465 1488 2528 nullum
1504 2466 1633 2529 habens
1651 2468 1755 2529 here·

602 2567 693 2628 dem.
717 2567 823 2644 Cujus
845 2566 1028 2628 hereditati
1051 2583 1131 2626 cum
1155 2576 1295 2644 nepotes
1317 2565 1410 2627 illius
1430 2565 1618 2641 inhiarent,
1641 2567 1754 2630 abbas

600 2676 837 2729 casamentum
853 2666 944 2747 quod
961 2676 1034 2728 erat
1049 2666 1187 2728 ecclesie
1201 2668 1244 2727 ab
1260 2666 1380 2728 eodem
1394 2666 1571 2746 Stephano
1583 2668 1749 2746 redemit,
1786 2695 1817 2746 ις

600 2776 634 2828 et
645 2774 724 2828 ante
735 2767 1014 2848 quinquennium
1029 2767 1150 2827 mortis
1165 2767 1238 2846 ejus
1253 2767 1429 2828 redditum
1441 2767 1505 2829 sibi
1520 2766 1751 2832 infirmorum

602 2868 721 2928 usibus
742 2867 920 2947 deputavit
940 2868 962 2927 ⁴.
987 2867 1164 2929 Edificavit
1186 2879 1340 2947 preterea
1360 2868 1564 2948 hospitalem
1585 2869 1749 2946 domum,

599 2967 640 3029 ad
657 2969 911 3048 susceptionem
933 2968 1253 3047 supervenientium
1277 2969 1542 3049 peregrinorum
1565 2977 1599 3031 et
1621 2986 1752 3050 repau-

599 3068 767 3130 sationem
792 3067 1012 3130 infirmorum
1036 3087 1240 3149 pauperum,
1265 3070 1439 3148 deputatis
1461 3070 1590 3132 ibidem
1613 3072 1751 3135 molen·

600 3168 690 3230 dinis
719 3169 890 3231 Caviniaci
925 3169 995 3232 fisci
1025 3171 1066 3231 ad
1099 3188 1201 3232 usum
1233 3171 1386 3232 illorum.
1417 3171 1605 3234 Constituit
1637 3172 1750 3237 etiarn
1782 3197 1819 3235 20

599 3271 770 3350 integram
792 3270 1034 3350 prebendams
1047 3271 1222 3333 communi
1245 3270 1393 3333 fratrum
1414 3273 1598 3335 elemosine
1620 3274 1751 3338 cotidie

600 3372 793 3433 addendam
807 3385 835 3441 ὅ,
853 3373 894 3433 ad
913 3374 1106 3434 remedium
1127 3373 1325 3434 animarum
1345 3374 1450 3451 hujus
1470 3374 1752 3455 congregationis

600 3473 793 3552 specialiter
808 3473 1026 3536 destinatam.

640 3677 699 3735 58.
726 3678 805 3753 (72.)
831 3672 967 3734 Decima
993 3672 1102 3735 tocius
1128 3672 1437 3735 Amberlacensis¹¹
1466 3672 1552 3746 fisci,
1584 3675 1750 3743 videlicet

600 3772 922 3847 indominicationis,
945 3784 1018 3835 erat
1038 3791 1099 3835 sua
1121 3773 1272 3848 ecclesie,
1295 3792 1362 3855 que
1383 3774 1447 3837 sita
1467 3782 1518 3837 est
1539 3774 1575 3836 in
1598 3778 1746 3854 Ambra,
1779 3798 1814 3850 ²5

633 3981 659 4016 a.
678 3964 826 4032 segisridus
842 3967 879 4020 A.
898 3996 929 4004 —
952 3966 975 4018 b.
995 3968 1075 4017 Dans
1093 3969 1130 4030 A,
1151 3970 1282 4031 invisere,
1302 3987 1363 4020 avec
1380 3969 1403 4019 lc
1420 3972 1494 4037 signe
1511 3970 1542 4019 de
1558 3969 1747 4026 l'abrtm'amn

599 4052 736 4101 art-dessus
756 4053 791 4101 du
807 4054 927 4120 premier
945 4070 970 4105 e.
993 4082 1021 4092 -·
1045 4071 1068 4106 c.
1094 4054 1285 4107 benivolentia
1305 4058 1342 4107 A.
1362 4085 1395 4094 -
1419 4058 1445 4109 d.
1466 4056 1546 4107 Dans
1563 4058 1601 4119 A,
1622 4058 1749 4113 eccloeie

599 4142 690 4204 νέμω.
710 4168 741 4176 -
761 4156 783 4188 e.
802 4141 892 4191 accuti
909 4141 946 4192 A.
964 4170 996 4178 -
1007 4140 1036 4205 f.
1054 4141 1206 4208 prebedarn
1224 4144 1262 4196 Α.
1283 4173 1309 4181 -
1330 4160 1357 4209 g.
1377 4144 1512 4195 adendam
1529 4145 1567 4197 A.
1585 4173 1616 4184 -
1637 4145 1666 4198 h.
1684 4163 1748 4201 am-

600 4225 738 4277 biacensis
750 4226 786 4276 xl.

599 4415 890 4425 —...

635 4555 641 4581 ¹
663 4547 777 4599 llorhet
789 4549 1014 4619 (luxembourg,
1031 4552 1179 4622 Bastognc,
1193 4553 1311 4621 Sibret).
1770 4571 1809 4622 30

635 4641 643 4667 ²
662 4632 719 4683 clr.
734 4634 768 4684 (3.
785 4635 903 4696 ΚυκΤΗ,
916 4654 990 4691 orror.
1004 4642 1062 4702 ciel,
1076 4652 1097 4692 r.
1112 4641 1134 4701 l,
1149 4658 1176 4707 p.
1190 4643 1232 4695 68.

634 4726 644 4764 3
663 4718 819 4788 Montaigu,
839 4722 1018 4788 dependance
1035 4727 1069 4777 de
1089 4727 1115 4777 la
1133 4744 1284 4779 commune
1300 4729 1335 4780 de
1353 4728 1497 4782 Marcourt
1510 4731 1739 4804 (Luxernbourg,

600 4805 724 4867 Marchc,
739 4806 890 4875 laroche).

633 4902 644 4933 ⁴
662 4890 720 4942 Csr.
734 4893 769 4944 (ἑ.
786 4893 903 4959 Kuuru,
916 4914 990 4952 carcar.
1004 4901 1062 4962 cita,
1077 4910 1096 4951 t.
1112 4900 1133 4961 l,
1148 4917 1175 4967 p.
1189 4901 1231 4953 68.
