4450 6125
644 849 725 933 230
853 849 1165 932 Cantatore'um
1194 853 1285 931 sire
1322 850 1572 934 Chronieon

640 1146 684 1206 ad
703 1146 837 1206 eandem
860 1147 1064 1207 audientiam
1086 1151 1208 1209 statuta
1229 1148 1281 1207 die
1301 1149 1464 1225 possimus
1485 1148 1657 1209 convenire
1679 1147 1781 1210 rolris.

640 1247 679 1308 Si
704 1266 779 1309 vero
803 1248 898 1308 etiam
926 1266 999 1309 cnm
1025 1249 1138 1309 ceteris
1160 1248 1347 1326 injustitiis,
1366 1267 1448 1328 quas
1469 1249 1618 1327 patimur
1638 1267 1658 1309 a
1680 1248 1781 1323 uobis,

641 1348 841 1427 stipendium
858 1350 974 1410 matris
990 1355 1100 1410 nostre
1115 1349 1252 1422 ecclesie,
1265 1352 1352 1428 quoa
1363 1350 1454 1410 scitis
1470 1356 1621 1410 nostrum
1638 1351 1744 1410 sicuti
1755 1355 1786 1410 et

642 1454 785 1510 oestrum
814 1467 890 1523 esse,
918 1449 1009 1524 infra
1035 1450 1296 1510 reclamationem
1321 1450 1489 1511 audienlie
1517 1449 1662 1510 Romane
1691 1450 1786 1513 nobis

641 1549 888 1622 subtraxeritis,
901 1550 1041 1610 credatis
1056 1568 1118 1628 pro
1132 1555 1229 1623 certo,
1243 1549 1450 1630 quantumin
1464 1549 1557 1610 nobis
1570 1553 1628 1624 est,
1643 1567 1705 1610 nos
1718 1567 1785 1611 non
1828 1572 1839 1622 ς

642 1650 815 1725 defuturos
831 1649 957 1729 prefixe
971 1652 1148 1725 audientie,
1164 1652 1259 1712 etiam
1275 1652 1306 1713 si
1319 1652 1362 1711 ad
1377 1652 1437 1712 troc
1450 1651 1676 1731 exequendum
1692 1651 1787 1712 noln's

641 1755 817 1832 quicquam
834 1772 899 1813 non
914 1757 1098 1831 suppeteret
1115 1753 1236 1813 nisiex
1256 1752 1472 1814 mendicitate.

685 1851 889 1931 Huiusmodi
925 1852 1159 1915 evocationem
1189 1852 1351 1915 Wiredus
1387 1853 1546 1913 relectam
1583 1850 1718 1932 sprevit
1753 1863 1787 1915 et

643 1952 803 2034 neglexit,
841 1953 1018 2034 noluitque
1053 1954 1191 2015 credere
1227 1954 1319 2034 quod
1360 1952 1606 2035 indignabatur
1647 1952 1784 2015 timere.

647 2054 842 2121 vorabatur
857 2055 970 2116 adhuc
984 2064 1066 2117 tunc
1082 2053 1248 2134 temporis
1266 2054 1470 2117 Lambertus
1490 2053 1586 2118 Remi
1603 2054 1626 2128 ¹,
1650 2063 1684 2116 et
1702 2072 1786 2117 cum

643 2153 817 2216 didicisset
848 2153 1013 2217 referente
1042 2153 1260 2229 Theoderico,
1292 2154 1492 2217 incumbere
1524 2172 1564 2216 ex
1597 2153 1786 2235 apostoliea

646 2254 887 2317 reclamatione
902 2256 1037 2335 pondus
1053 2256 1138 2318 tanti
1155 2256 1298 2336 periculi
1315 2256 1454 2317 Wiredo
1472 2265 1507 2318 et
1524 2256 1687 2337 subjectis
1702 2259 1787 2332 suis,

646 2373 709 2435 pro
727 2352 891 2418 tratribus
910 2357 1061 2437 graviter
1081 2356 1241 2430 indoluit,
1264 2357 1494 2439 eumdemque
1515 2357 1786 2432 Theodericum,

646 2465 684 2519 ut
704 2466 777 2519 erat
797 2457 1005 2519 tenerrimus
1024 2457 1059 2518 in
1081 2458 1223 2533 objectis
1236 2457 1300 2519 sibi
1317 2456 1568 2532 controversiis,
1586 2468 1659 2521 tam
1676 2477 1788 2538 perse

645 2575 750 2640 quam
772 2575 832 2637 per
851 2575 937 2639 quos
956 2566 1088 2638 poterat
1111 2559 1360 2638 prudentiores,
1384 2567 1421 2621 ut
1440 2559 1582 2622 consilio
1602 2570 1636 2623 et
1660 2562 1787 2626 rationi
1830 2620 1837 2629 .

645 2658 870 2741 acquiesceret
899 2669 1004 2741 utque
1029 2660 1073 2721 ab
1097 2661 1162 2722 hac
1183 2661 1450 2723 commonitione
1470 2672 1629 2736 cessaret,
1650 2663 1788 2728 allicere

645 2760 790 2823 studuit.
818 2760 881 2825 Cui
907 2778 986 2822 cum
1017 2779 1055 2822 eo
1084 2771 1292 2841 procurante
1320 2774 1542 2844 suggererent
1572 2762 1687 2839 multi,
1716 2765 1788 2847 ipse

647 2860 749 2923 etiam
767 2861 937 2924 Manasses
955 2862 1232 2944 archiepiscopus
1250 2880 1285 2924 se
1305 2863 1485 2925 inclinaret
1500 2864 1580 2925 huic
1594 2868 1787 2947 suggestio·

647 2961 694 3034 ni,
710 2960 835 3023 scilicet
850 2979 911 3022 sue
931 2961 1059 3023 nullius
1078 2979 1150 3024 esse
1167 2962 1323 3024 utilitatis
1339 2964 1390 3024 vel
1407 2964 1595 3024 honestatis
1610 2965 1787 3029 ecclesiam

646 3059 731 3123 tanti
755 3060 914 3136 nominis,
937 3072 1031 3124 tante
1050 3064 1226 3143 quondam
1248 3062 1432 3144 religionis,
1455 3064 1503 3125 sic
1516 3062 1713 3129 inconsulte
1729 3084 1788 3147 per
1811 3080 1928 3153 εἰ),

646 3179 726 3223 eum
752 3161 954 3224 auctoritate
976 3162 1163 3241 apostolica
1183 3163 1343 3244 deprimi,
1366 3165 1481 3246 sicque
1502 3165 1602 3226 illum
1629 3183 1702 3229 non
1723 3168 1786 3230 sini

646 3262 864 3345 designatum
885 3281 1114 3326 successorem
1136 3266 1201 3339 vel,
1226 3274 1264 3327 ut
1285 3266 1349 3327 sibi
1375 3266 1567 3341 videbatur,
1592 3266 1787 3332 invasorem

648 3381 707 3425 sue
722 3364 897 3445 quondam
914 3364 1112 3444 prelationis
1127 3366 1238 3427 acrius
1252 3366 1399 3447 insequi,
1416 3367 1596 3431 convenire
1610 3368 1656 3430 ab
1675 3369 1790 3452 aliquo

648 3465 761 3527 locum
785 3482 826 3525 ne
846 3466 989 3527 omnino
1010 3466 1246 3529 destrueretur
1261 3467 1349 3529 tueri
1361 3469 1383 3540 ²,
1399 3467 1538 3549 quando
1553 3468 1626 3548 ipse
1641 3470 1790 3535 detesta-

684 3952 690 3978 ¹
711 3943 765 3996 Sur
776 3945 802 3997 le
815 3954 912 3997 retour
923 3944 958 3996 de
971 3944 1104 3996 Lambert
1117 3945 1242 3997 leteune
1254 3944 1494 4009 esunt-Hubert,
1504 3955 1586 4000 entre
1597 3951 1664 4016 1098
1676 3961 1707 4004 et
1720 3967 1805 4020 1103,

651 4047 713 4099 aoy.
733 4046 800 4083 mon
818 4016 906 4081 E'rnde
922 4033 1043 4100 critique,
1065 4047 1092 4098 p.
1112 4046 1154 4095 43.
1173 4031 1255 4083 Cette
1273 4031 1363 4084 forme
1380 4030 1471 4094 Remi,
1489 4048 1601 4087 comme
1616 4035 1734 4104 genitit,
1753 4047 1810 4094 est

648 4118 803 4172 habituelle
814 4121 829 4170 l
841 4127 924 4170 notre
935 4118 1139 4186 chroniqueur;
1154 4118 1209 4170 elle
1221 4134 1250 4169 se
1262 4128 1396 4170 retrouve
1411 4118 1569 4189 igalement
1585 4121 1657 4175 dans
1669 4123 1696 4177 la
1710 4125 1813 4179 lettre

648 4207 683 4259 de
695 4206 816 4275 Thierry
830 4205 867 4268 ll,
881 4204 1025 4267 ci·dessus,
1040 4221 1066 4271 p.
1082 4219 1139 4271 229,
1154 4223 1185 4258 is.

682 4292 862 4355 ¹R0anutx,
885 4309 913 4359 p.
937 4308 945 4344 t
952 4306 992 4357 50,
1015 4293 1120 4344 traduit
1141 4294 1210 4344 ainsi
1231 4310 1237 4346 :
1258 4312 1271 4342 ι
1291 4294 1310 4344 il
1333 4293 1484 4363 (Thierry)
1505 4294 1600 4347 devait
1620 4296 1810 4354 neanmoins

648 4382 824 4433 reconnaitre
836 4380 904 4448 qu’il
920 4379 1048 4447 (Wired)
1064 4381 1235 4449 protegerait
1250 4380 1376 4449 l’abbaye
1388 4382 1453 4449 plus
1464 4381 1656 4436 efficacement
1668 4400 1728 4454 que
1740 4387 1806 4442 lui·

649 4469 748 4530 meme,
768 4467 900 4535 puisqu'il
918 4465 1031 4519 relusait
1046 4466 1156 4519 d'obeir
1172 4470 1187 4517 a
1203 4466 1316 4519 Othert.
1330 4487 1344 4516 »
1363 4468 1404 4520 Le
1421 4485 1485 4521 sens
1502 4478 1545 4522 est
1564 4479 1628 4524 tout
1644 4471 1799 4528 different.

650 4552 720 4604 «Nc
736 4554 918 4605 consensit-il
934 4568 983 4621 pas
999 4569 1053 4621 que
1070 4553 1196 4621 l'abbayc
1213 4551 1254 4605 titt
1270 4554 1372 4622 gaudee
1384 4570 1434 4622 par
1445 4556 1599 4624 quelqu'un
1610 4572 1686 4624 pout·
1700 4559 1797 4614 n'etre

648 4655 696 4707 pas
716 4641 935 4706 completement
956 4641 1089 4702 detruite,
1110 4640 1234 4692 d'autant
1255 4642 1319 4708 plus
1339 4657 1394 4708 que
1414 4644 1522 4696 celuici
1545 4644 1675 4698 detenuit
1699 4647 1793 4702 d'etre

648 4729 754 4779 soumis
766 4730 780 4778 a
792 4727 912 4780 Otbert?
925 4749 937 4776 a
957 4729 1008 4781 J'ai
1026 4728 1093 4781 note
1111 4744 1166 4796 que
1184 4738 1226 4780 cet
1245 4730 1351 4795 emploi
1363 4730 1400 4781 du
1413 4730 1556 4797 deponent
1569 4731 1667 4800 (tum)
1678 4733 1781 4787 avecta

647 4812 833 4883 signification
845 4816 953 4880 passive
966 4824 1007 4866 est
1021 4830 1076 4867 une
1088 4815 1277 4867 incorrection
1295 4830 1371 4866 assez
1389 4814 1525 4868 familiare
1542 4819 1557 4867 lt
1574 4824 1655 4869 notre
1670 4826 1774 4878 tutent,
1880 4823 1914 4878 ,te

648 4918 712 4970 voy.
727 4904 751 4954 ci
761 4902 867 4964 dessus,
882 4918 909 4970 p.
924 4904 980 4963 218,
996 4919 1023 4955 n.
1037 4917 1062 4955 a.
