4450 6125
845 864 1000 950 Sancti
1029 866 1242 949 liuberti.
1543 891 1616 978 147

477 1163 585 1226 nare¹
608 1162 762 1244 legaliter
782 1163 1007 1225 elemosinam
1031 1164 1139 1243 patris
1160 1163 1225 1227 sui.
1251 1164 1292 1227 Et
1307 1182 1387 1227 cum
1402 1165 1492 1228 inter
1506 1178 1617 1230 cetera

479 1277 533 1326 res
555 1281 694 1345 quoque
716 1263 850 1324 abbatis
869 1263 1095 1325 ventilaretur
1116 1264 1153 1326 iu
1178 1264 1330 1334 concilio,
1354 1266 1416 1327 hec
1437 1266 1516 1329 inde
1543 1286 1618 1330 sen·

478 1362 584 1426 tentia
614 1363 749 1444 publice
777 1363 1006 1427 determinata
1037 1372 1089 1426 est
1117 1366 1355 1447 episcoporum
1386 1367 1513 1444 judicio
1541 1392 1547 1431 :
1577 1370 1619 1431 de

478 1461 646 1525 alaribus
672 1463 849 1526 Remensis
873 1464 1020 1537 ecclesie,
1044 1484 1111 1547 que
1140 1458 1345 1548 acquisierat
1369 1467 1506 1531 ecclesia
1532 1470 1619 1532 beati

436 1582 449 1632 5
481 1564 638 1639 liuberti.
675 1564 864 1629 Remorum
893 1564 1090 1646 pontificem
1122 1585 1220 1647 posse
1250 1568 1390 1632 licenter
1419 1569 1619 1650 inplacitare

478 1665 637 1728 abbatem
653 1666 676 1739 ¹,
692 1665 735 1726 de
754 1663 871 1728 fundis
886 1684 967 1729 vero
985 1668 1131 1738 abbatie,
1155 1686 1221 1730 nou
1243 1670 1274 1732 ei
1295 1670 1457 1751 cuiquam
1479 1688 1618 1751 respon·

477 1766 631 1829 dendum
660 1765 726 1828 nisi
754 1765 789 1827 in
818 1766 993 1830 audientia
1026 1768 1221 1832 Leodiensis
1244 1770 1400 1844 ecclesie,
1431 1772 1473 1833 ad
1508 1790 1613 1853 quam

476 1867 595 1930 eadem
610 1867 746 1929 abbatia
761 1868 948 1947 pertineret
959 1860 980 1942 ³,
996 1886 1074 1930 cum
1089 1887 1131 1932 ex
1145 1870 1282 1933 decreto
1296 1889 1469 1933 canonum
1484 1882 1616 1935 constet

477 1968 607 2031 nemini
622 1968 721 2031 licere
735 1968 771 2030 in
786 1968 933 2030 alienam
953 1986 1097 2032 messem
1122 1988 1266 2034 manum
1289 1971 1461 2034 mittere⁴.
1486 1971 1541 2035 Sic
1563 1990 1617 2035 res

420 2087 451 2123 ιο
476 2070 610 2133 abbatis
643 2070 798 2133 absoluta
834 2079 884 2132 est
919 2069 1045 2148 judicio
1080 2072 1337 2152 episcoporum.
1378 2072 1465 2134 Bene
1500 2083 1616 2135 autem

475 2170 629 2234 conscius
641 2169 833 2234 insensum⁶
845 2171 909 2232 sibi
924 2171 1168 2252 Ruginoldum
1181 2173 1324 2253 eoquod
1338 2172 1449 2235 unde*
1460 2174 1618 2251 sperabat

475 2272 612 2335 nullum
624 2272 688 2335 sibi
700 2274 915 2354 proveniretc
925 2274 1161 2345 commodum,
1174 2273 1259 2334 adeo
1272 2291 1353 2335 eum
1364 2273 1621 2354 complacavitd

475 2373 756 2436 convenientibus
769 2374 899 2437 exeniis
910 2386 934 2451 ‘,
952 2384 991 2436 ut
1005 2374 1112 2436 altare
1126 2373 1168 2434 de
1190 2374 1311 2436 Bedols
1325 2371 1464 2435 firmato
1481 2374 1618 2453 privile·

477 2472 535 2556 gio
559 2483 592 2537 et
619 2475 756 2537 exclusa
780 2477 815 2538 in
843 2486 1050 2556 perpetuum
1075 2493 1221 2556 persona
1242 2475 1423 2547 obtineret,
1447 2475 1616 2537 donatum

421 2588 449 2638 ¹5
477 2574 616 2638 ecclesie
632 2575 761 2639 Pirensi
778 2568 799 2639 ⁵.

510 2731 537 2766 a.
554 2715 697 2766 insensum
710 2716 758 2773 A..
773 2745 805 2754 -
823 2715 845 2768 b.
863 2717 928 2767 inde
941 2717 989 2774 142.
1005 2745 1035 2754 -
1053 2733 1076 2767 c.
1092 2718 1244 2782 provenire
1255 2717 1294 2774 Α,
1308 2724 1332 2767 ct
1343 2718 1382 2774 A,
1405 2744 1437 2753 -
1456 2717 1481 2768 d.
1499 2716 1618 2782 placarit

477 2803 528 2861 A..
541 2832 574 2840 -
590 2818 612 2853 e.
632 2802 723 2854 xeniis
736 2801 784 2861 n„

513 3031 520 3059 ¹
541 3021 774 3082 DlsRATlottAu,
796 3019 943 3072 rationibus
956 3021 1087 3085 judicalis
1104 3026 1226 3090 pensare,
1250 3019 1368 3086 definire.
1392 3018 1618 3081 Dllltarton'au,
1686 2998 1690 3007 Ι

478 3110 594 3177 litigare,
615 3124 724 3160 causum
741 3124 820 3158 suam
838 3106 986 3158 rationibus
1000 3106 1177 3172 comprobare,
1196 3123 1252 3157 rem
1268 3106 1388 3173 aliquam
1407 3105 1554 3155 rationibus
1572 3104 1623 3155 sihi

419 3206 454 3245 20
480 3197 624 3251 vindicare,
637 3198 738 3245 crimen
752 3213 767 3243 n
780 3211 805 3243 se
816 3193 934 3244 arnoliri.
950 3193 994 3244 Du
1008 3194 1122 3243 (laxet.

513 3290 523 3318 ⁸
542 3281 622 3335 Nous
633 3298 722 3334 avons
734 3297 780 3342 vu,
793 3297 821 3348 p.
836 3294 877 3346 37,
890 3296 945 3347 que
958 3278 1161 3331 Sunt-Hubert
1173 3281 1246 3330 avait
1259 3278 1365 3330 obtenu
1378 3279 1413 3329 de
1426 3278 1622 3344 l'archereque

479 3368 631 3431 mimus,
645 3369 845 3435 predecesseur
857 3367 892 3418 de
905 3366 1022 3418 Renaud
1034 3366 1072 3417 du
1087 3365 1194 3432 Bellay,
1209 3364 1250 3416 les
1265 3363 1356 3416 autels
1372 3363 1407 3415 de
1420 3362 1622 3415 Salat-Hilaire

478 3460 493 3507 b
505 3455 624 3524 Guilloy
636 3455 712 3507 etde
724 3453 920 3506 Samis-Maris
932 3457 947 3504 a
959 3451 1276 3505 Nouvion·sur·Meuse.
1290 3450 1366 3501 C'est
1380 3454 1395 3501 a
1407 3466 1453 3502 ces
1464 3450 1556 3501 auleis
1567 3466 1622 3517 que

480 3546 507 3596 le
521 3545 665 3612 jugement
682 3542 800 3610 synodal
817 3541 865 3594 iait
881 3541 1012 3593 allusion.
1034 3539 1086 3592 Par
1104 3555 1144 3591 un
1161 3539 1287 3606 diplome
1302 3539 1337 3590 dc
1358 3538 1430 3599 1086,
1449 3537 1566 3589 Renaud
1583 3538 1620 3589 du

419 3637 451 3687 ²5
481 3630 580 3699 fleury
591 3629 726 3683 confirma
738 3646 784 3681 ces
795 3628 887 3681 autels
898 3631 913 3678 a
926 3627 1051 3694 l'abbaye
1063 3627 1098 3677 de
1111 3625 1329 3684 snm-Hubem
1344 3624 1392 3676 nul
1406 3624 1493 3676 doute
1504 3624 1572 3691 qu’il
1585 3640 1621 3675 ne

481 3719 557 3772 inille
577 3720 639 3770 voir
658 3718 727 3769 daus
747 3733 779 3769 ce
799 3715 926 3783 diplome
946 3714 972 3765 le
994 3713 1110 3765 re'sultat
1131 3713 1180 3764 des
1202 3711 1371 3778 genereuses
1394 3712 1622 3776 compensations

480 3806 606 3859 donnbes
625 3820 674 3872 par
691 3803 812 3870 Thierry
827 3802 852 3853 ll
869 3805 884 3852 a
900 3800 1104 3867 l'archereque,
1122 3799 1201 3850 selon
1220 3798 1246 3848 le
1265 3813 1378 3865 passage
1393 3798 1529 3849 ciuessus
1544 3797 1580 3848 de
1597 3797 1623 3847 la

483 3893 634 3960 Chronique
652 3909 662 3941 .·
680 3891 742 3941 adeo
760 3906 821 3940 eum
841 3888 1014 3955 complacavit
1033 3884 1247 3936 convenientibus
1267 3886 1377 3936 asenias.
1397 3884 1469 3951 Voy.
1489 3883 1570 3934 l’acte
1587 3883 1623 3934 de

483 3978 600 4031 Remud
612 3978 681 4029 dans
692 3977 729 4029 G.
744 3976 863 4036 Kusru,
876 3991 952 4026 ouvr.
966 3976 1023 4030 citt,
1040 3984 1060 4025 t.
1074 3971 1096 4033 Ι,
1110 3988 1159 4039 pp.
1172 3971 1204 4032 64
1218 3979 1246 4022 et
1259 3971 1333 4022 suiv.

421 4078 454 4127 ³0
516 4064 600 4116 ³Sur
622 4064 648 4115 la
671 4063 860 4115 delimitatiou
884 4061 921 4112 de
944 4059 1061 4111 l’ancien
1084 4059 1197 4109 diocese
1221 4057 1257 4108 de
1280 4056 1375 4124 Liege,
1399 4071 1437 4107 on
1464 4055 1623 4106 consultera

481 4152 629 4203 utilement
654 4149 709 4202 Cu.
733 4149 900 4208 Butram,
925 4146 1018 4198 Nolite
1040 4162 1089 4195 sur
1113 4144 1150 4196 les
1174 4145 1271 4194 limites
1292 4143 1322 4193 de
1342 4143 1455 4192 l’ancien
1476 4141 1572 4190 dioce'se
1594 4141 1625 4189 de

480 4238 569 4304 Litge,
585 4235 691 4288 Rsvus
708 4236 874 4287 o'ulsrouut
889 4247 926 4284 ιτ
942 4232 1188 4290 nummicola,
1203 4239 1222 4280 t.
1239 4229 1260 4289 l,
1275 4244 1322 4295 pp.
1339 4228 1448 4291 29o318
1460 4237 1489 4277 et
1502 4228 1622 4292 368394.

514 4335 527 4365 ⁴
544 4322 598 4376 Sur
613 4332 687 4375 cette
703 4324 782 4373 these
794 4332 822 4372 et
835 4336 885 4372 son
899 4328 1096 4371 soutenement
1110 4316 1277 4382 canumque,
1291 4313 1341 4367 cir.
1357 4313 1528 4373 Romans,
1545 4311 1622 4363 Gesta

480 4410 603 4462 abbatum
620 4408 843 4467 Martensium,
857 4407 876 4457 l.
892 4404 928 4467 11,
941 4420 965 4457 c.
982 4419 1020 4455 ιο.

421 4512 452 4562 35
517 4505 526 4540 ⁵
544 4495 625 4549 Nous
640 4495 794 4563 possedeas
809 4492 948 4560 l'original
963 4492 1001 4543 du
1017 4489 1144 4557 diplome
1160 4489 1195 4540 de
1214 4486 1333 4539 Renaud
1349 4486 1386 4538 du
1405 4484 1512 4552 Bellay,
1528 4484 1625 4536 Reims

485 4583 558 4645 10⁸6,
567 4584 694 4635 donnant
706 4580 852 4646 aThierry
862 4578 888 4629 11
898 4577 994 4629 l’autel
1006 4576 1042 4628 de
1051 4576 1167 4627 Bodillis
1175 4583 1204 4626 et
1217 4574 1255 4624 lui
1269 4571 1437 4625 confirmant
1448 4570 1582 4624 Nouvion
1596 4582 1624 4623 et

481 4670 609 4737 Guilloy.
624 4670 697 4736 Voy.
710 4666 747 4721 G.
762 4666 880 4726 Kunru,
897 4681 973 4715 onor.
986 4665 1044 4718 citt,
1065 4672 1085 4713 t.
1101 4662 1123 4724 l,
1137 4677 1185 4729 pp.
1198 4661 1230 4723 64
1242 4670 1270 4711 et
1283 4661 1356 4711 suiv.
1376 4657 1398 4709 Il
1417 4660 1505 4725 parali
1523 4660 1626 4724 impos·

483 4757 555 4809 sible
571 4756 606 4808 de
622 4771 658 4806 ne
675 4770 724 4822 pas
740 4750 881 4805 identifier
896 4750 923 4801 la
938 4750 1073 4801 donation
1091 4748 1159 4799 dont
1177 4745 1254 4814 parle
1270 4745 1296 4796 la
1311 4744 1462 4811 chronique
1474 4759 1542 4794 avec
1554 4742 1625 4794 celle

484 4846 556 4897 dont
571 4843 619 4894 tan
636 4841 675 4894 ioi
691 4857 723 4893 ce
738 4839 872 4906 diplbme.
892 4837 988 4888 Est-oe
1004 4838 1020 4886 a
1036 4835 1098 4886 dire
1116 4848 1171 4900 que
1189 4829 1304 4882 Bodillis
1318 4839 1345 4881 et
1364 4829 1458 4880 Redols
1474 4845 1510 4879 ne
1522 4828 1624 4879 lassent

421 4951 458 4996 ⁴0
485 4929 635 5001 qu’uniG.
647 4927 767 4988 Ruunt,
777 4926 825 4979 loc.
836 4928 892 4980 cit..
905 4940 933 4990 p.
942 4923 984 4987 65,
995 4937 1024 4974 u.
1039 4936 1061 4982 r,
1072 4935 1158 4988 pense
1170 4934 1226 4987 que
1238 4933 1305 4970 non.
1317 4915 1475 4968 ‹Cesdeux
1489 4914 1624 4973 localitas,

485 5017 570 5080 dit-il,
579 5025 644 5069 sont
655 5013 831 5073 differentem
840 5013 891 5064 des
902 5011 974 5072 1183,
985 5023 1023 5060 on
1031 5006 1073 5059 les
1081 5006 1248 5074 distinguait
1258 5006 1274 5054 a
1285 5002 1420 5069 l'abbaye,
1431 5015 1541 5053 comme
1551 5014 1588 5049 on
1599 4998 1625 5049 le
