4450 6125
844 834 1000 918 Sancti
1030 835 1240 918 Habenti.
1573 837 1629 919 55

484 1137 553 1191 tem
574 1140 609 1193 et
630 1131 812 1193 advocatos
830 1131 872 1192 de
894 1130 1060 1193 comitatu
1081 1131 1216 1193 abbatie
1235 1132 1256 1202 ¹,
1281 1131 1315 1192 in
1339 1131 1510 1210 presentia
1532 1132 1631 1195 ducis

482 1228 636 1309 ejusdcm
655 1229 785 1313 filiique
806 1231 880 1309 ejus
901 1230 1073 1293 Godefridi
1090 1231 1113 1303 ⁸,
1129 1231 1272 1293 omnino
1291 1232 1508 1311 adjudicatus
1525 1245 1576 1295 est
1595 1245 1628 1296 et

481 1330 707 1394 confirmatus
730 1333 845 1393 abbati
870 1343 904 1394 et
923 1333 1062 1395 ecclesie
1083 1333 1226 1415 ejusque
1249 1332 1425 1407 ministris,
1449 1346 1552 1413 prout
1576 1335 1626 1397 illi

482 1431 641 1512 placeret.

439 1649 452 1701 5
522 1640 578 1699 22.
597 1637 669 1711 (30.)
685 1638 811 1699 Tribus
824 1656 1026 1717 perannum
1038 1637 1282 1711 oblationibus,
1296 1640 1382 1702 circa
1399 1640 1523 1705 festum
1537 1642 1625 1705 beati

479 1736 643 1817 Jobannis
663 1738 827 1818 Baptiste,
848 1739 985 1801 ecclesia
1009 1739 1097 1801 beati
1124 1739 1213 1801 Petri
1236 1748 1270 1801 et
1293 1741 1379 1803 beati
1398 1743 1541 1806 liuberti
1560 1744 1625 1805 sol·

480 1837 662 1917 lempniter
679 1842 880 1909 bonoratur,
894 1859 960 1921 que
976 1841 1079 1920 vulgo
1092 1831 1234 1903 cruces³
1250 1840 1274 1902 F
1276 1841 1512 1918 almenienses,
1529 1844 1625 1906 Pala·

479 1937 603 2001 tienses
617 1949 651 2002 et
667 1940 950 2002 Arduennenses⁴
965 1941 1142 2003 dicuntur.
1161 1941 1296 2017 Quibus
1316 1953 1432 2004 autem
1449 1946 1625 2007 necessita-

512 2295 520 2324 ¹
541 2288 611 2341 Lors
625 2291 716 2342 menie
729 2290 833 2357 qu'une
850 2291 958 2359 abbaye
976 2291 1095 2358 possode
1113 2291 1154 2342 les
1171 2292 1261 2344 droits
1276 2301 1419 2353 comtaux,
1434 2292 1575 2360 plusieurs
1586 2294 1621 2345 dc

421 2391 452 2427 ro
476 2377 585 2429 oeuxci
606 2378 707 2442 (haute
725 2378 826 2444 justice
848 2378 1014 2445 repressivis,
1032 2378 1183 2446 guerre...)
1202 2387 1265 2429 sont
1288 2377 1523 2429 necessairement
1544 2378 1620 2429 deli·

476 2462 545 2532 μὲι
556 2464 573 2513 a
583 2463 633 2514 des
649 2461 811 2515 auxiliaires
827 2465 945 2532 laiques,
959 2465 1000 2516 les
1017 2464 1122 2515 avoues
1130 2481 1138 2524 ,·
1156 2481 1192 2514 on
1209 2464 1311 2515 devine
1330 2465 1355 2515 13
1372 2465 1507 2516 tendance
1522 2466 1557 2516 de
1574 2482 1620 2517 ces

475 2547 602 2600 derniers
614 2551 629 2598 i
641 2549 780 2615 cmpieter
792 2565 840 2600 sur
853 2550 893 2601 les
905 2550 994 2601 droits
1006 2550 1041 2601 de
1053 2549 1181 2616 l'abbaye
1193 2559 1220 2600 et
1234 2550 1259 2600 la
1273 2549 1423 2617 frequence
1434 2551 1484 2602 des
1496 2550 1617 2611 conilits,

474 2634 513 2687 du
524 2649 610 2702 genre
622 2635 657 2685 de
669 2634 743 2685 celui
758 2634 870 2701 rappele
882 2635 1026 2687 cidessus.

508 2729 517 2756 ¹
534 2720 690 2773 Godelroid
703 2721 740 2772 lll
757 2721 782 2773 le
793 2721 892 2781 Bossu,
904 2723 957 2773 duc
967 2723 1001 2773 de
1013 2721 1293 2789 Basse-lotharingie
1305 2732 1333 2772 et
1343 2730 1437 2772 comte
1446 2722 1481 2772 de
1492 2722 1615 2783 Verdun,

415 2826 424 2863 1
430 2826 444 2878 ς
472 2807 577 2874 ipousa
591 2809 725 2859 Mathilde
737 2809 772 2860 de
781 2809 914 2869 Canossa,
926 2808 983 2859 lille
995 2810 1030 2860 de
1045 2808 1168 2869 Beatus,
1182 2821 1217 2859 en
1232 2813 1293 2872 1069
1308 2808 1521 2876 probablement
1531 2829 1538 2865 ς
1549 2808 1568 2859 il
1580 2825 1616 2860 en

471 2908 533 2945 sora
544 2895 675 2962 question
693 2895 833 2961 plusieurs
851 2894 904 2946 lois
922 2895 992 2946 dans
1008 2895 1033 2946 13
1048 2895 1218 2962 chronique:
1234 2896 1252 2946 il
1271 2906 1384 2950 mourut
1400 2911 1436 2946 en
1455 2896 1527 2961 1076.
1542 2895 1614 2963 Voy.

470 2979 497 3031 la
512 2980 691 3032 dissertation
708 2981 743 3031 de
763 2980 793 3032 F.
815 2983 1001 3042 Dlucxntnn'u,
1021 2981 1154 3046 Gottsried
1169 2981 1222 3032 III
1237 2983 1283 3032 der
1296 2982 1433 3046 Bucilige,
1448 2981 1556 3047 Herzog
1567 2998 1614 3032 ion

468 3065 718 3134 Niedeniotlrringen
741 3069 798 3118 und
823 3068 938 3119 Gemalrl
956 3068 1121 3119 Matiiliicns
1145 3086 1192 3118 von
1219 3070 1345 3124 Canossa,
1372 3068 1513 3137 Erlangen
1540 3072 1612 3135 1885,

469 3155 575 3221 reprise
587 3165 615 3205 et
628 3154 796 3221 complitee,
810 3172 844 3206 en
859 3156 1000 3221 plusieurs
1013 3156 1115 3222 points.
1129 3171 1178 3222 par
1192 3154 1299 3207 blacan
1313 3170 1369 3206 von
1385 3155 1523 3217 Ksoxnu,
1537 3174 1611 3209 naor.

407 3258 441 3296 ao
466 3243 525 3291 citt.

500 3332 511 3371 ³
530 3324 706 3393 Paleriuages
715 3341 751 3377 ou
763 3326 950 3392 processions,
960 3326 1075 3392 appeles
1084 3329 1169 3385 croix,
1179 3342 1261 3392 parce
1271 3326 1354 3392 qu’ils
1362 3326 1467 3377 etaient
1477 3328 1611 3393 precedes

466 3411 535 3464 dela
547 3428 635 3473 croix,
649 3429 710 3463 cum
723 3411 845 3462 crucibus
857 3421 935 3479 atque
945 3411 1117 3463 oblationibus
1129 3412 1277 3476 (illiracula
1291 3412 1385 3463 Sancti
1397 3411 1525 3477 Habenti,
1540 3415 1610 3464 Acta

466 3498 636 3554 Sanctorum,
658 3509 678 3549 t.
696 3498 732 3549 1⁸²
748 3499 783 3550 de
804 3499 969 3560 novembre,
989 3515 1016 3565 p.
1036 3501 1066 3549 83
1079 3501 1125 3564 a);
1145 3515 1182 3550 on
1199 3498 1239 3549 les
1258 3501 1394 3550 nommait
1413 3514 1516 3550 encore
1534 3503 1610 3550 croix

464 3583 569 3636 ionalis
584 3601 620 3638 ou
639 3585 781 3642 bancroix,
795 3600 852 3636 non
865 3601 947 3651 parce
964 3585 1048 3651 qu'ils
1063 3586 1174 3635 avaient
1191 3584 1246 3635 lieu
1264 3600 1298 3635 cn
1312 3595 1392 3635 vectu
1405 3584 1471 3635 d'un
1486 3584 1538 3635 ban
1559 3588 1607 3636 irn-

402 3687 434 3739 25
465 3670 562 3738 perial,
585 3673 778 3723 circonstancc
798 3673 952 3723 accessoire
973 3680 1000 3721 ct
1021 3669 1258 3735 exceptionnclle,
1282 3671 1350 3720 mais
1372 3686 1453 3736 parci·
1474 3671 1557 3738 qu'ils
1577 3689 1606 3722 sc

463 3757 588 3811 laisaient
602 3759 671 3810 dans
684 3758 724 3810 les
742 3759 846 3809 limites
858 3759 895 3809 du
910 3759 962 3809 ban
980 3757 1123 3824 paroissial
1135 3772 1171 3807 ou
1188 3756 1321 3824 regional,
1334 3773 1444 3807 comme
1456 3773 1493 3807 on
1507 3757 1533 3808 le
1546 3761 1603 3807 soit

461 3845 610 3904 cidaasus:
625 3861 690 3913 voy.
707 3861 740 3896 au
755 3844 869 3911 surplus
886 3843 932 3895 Du
948 3844 1062 3903 Canna,
1077 3853 1106 3893 νο
1121 3845 1219 3894 Cruces
1231 3842 1364 3892 bannales.
1379 3843 1433 3894 Sur
1449 3852 1524 3895 celte
1539 3859 1604 3895 cou-

461 3939 539 3984 tume
551 3931 709 4000 religieuse,
722 3931 791 3982 dont
805 3930 831 3982 le
844 3947 912 3998 pays
924 3930 959 3981 de
972 3927 1058 3998 Lie'ge
1071 3946 1143 3981 nous
1158 3930 1229 3981 oslre
1246 3930 1282 3981 de
1299 3929 1443 3996 multiples
1458 3931 1603 3997 exemplis

460 4017 562 4084 (Croic
585 4018 620 4069 de
645 4017 848 4073 Salat-Trond,
877 4017 913 4067 de
942 4014 1037 4083 Licge,
1054 4015 1172 4083 d’Eyck,
1195 4016 1230 4067 de
1257 4015 1379 4074 Lobbes,
1399 4016 1434 4067 de
1462 4018 1600 4075 l'eniers,

398 4119 433 4171 30
462 4104 532 4154 Creu
551 4103 670 4164 d'Verai,
692 4104 727 4155 de
748 4102 901 4170 Tongres),
923 4118 988 4169 voy.
1013 4102 1038 4153 la
1059 4102 1153 4154 bonne
1174 4103 1267 4154 notice
1289 4102 1324 4153 de
1349 4105 1384 4151 Μ.
1410 4101 1500 4154 i’abbe
1522 4096 1600 4153 Jnn's·

459 4189 590 4252 Pnoont,
602 4190 654 4240 Les
670 4193 791 4257 antiques
807 4191 966 4252 processionis
983 4190 1026 4238 des
1043 4189 1127 4239 Croix
1145 4188 1261 4237 Banales
1278 4189 1308 4237 de
1324 4187 1446 4253 Tongres,
1462 4190 1598 4255 Tongrcs,

460 4291 533 4344 ¹90³·

489 4373 502 4406 ⁴
519 4363 573 4416 Sur
590 4364 631 4416 les
646 4366 724 4418 croix
743 4365 778 4415 de
799 4365 940 4415 Famenne
957 4379 994 4415 ou
1012 4363 1050 4414 du
1066 4362 1198 4429 doycnni
1215 4363 1250 4414 de
1269 4361 1411 4428 lle‘bogne,
1424 4362 1460 4414 de
1478 4362 1597 4414 Paliseul

456 4466 492 4503 ou
505 4452 542 4503 du
555 4452 686 4518 doyenne
697 4452 733 4502 de
743 4451 858 4514 Graide,
871 4459 899 4519 et
912 4449 1074 4501 d’Ardenne
1087 4463 1125 4499 ou
1138 4449 1175 4500 du
1188 4448 1319 4516 doyenni
1330 4448 1365 4499 de
1380 4447 1528 4516 Bastogne,
1543 4465 1598 4500 une

395 4550 427 4604 ις
456 4537 534 4590 bulle
549 4536 715 4588 d'lnnocent
735 4536 770 4596 ll,
783 4537 820 4587 du
837 4550 865 4602 ¹7
883 4536 954 4587 avril
971 4548 1041 4599 1139,
1061 4535 1188 4585 contient
1206 4550 1243 4586 un
1261 4549 1374 4603 passage
1388 4537 1437 4601 qui
1454 4534 1556 4587 eclaire
1569 4546 1595 4588 et

455 4623 563 4691 precise
577 4622 651 4674 celui
664 4623 699 4674 de
715 4622 741 4673 la
754 4621 905 4688 Chronique
918 4637 928 4670 .·
940 4621 1082 4671 Praeterea
1097 4619 1289 4686 confirmamus
1301 4618 1422 4687 praefato
1439 4623 1597 4670 monasterio

453 4710 504 4777 (sc.
519 4709 615 4760 Sancti
625 4708 758 4772 Huberti)
769 4706 908 4758 oblationes
915 4706 1038 4770 fidelium
1051 4723 1118 4773 qaae
1130 4706 1208 4772 uulgo
1220 4722 1310 4756 cruces
1326 4705 1451 4756 bannales
1466 4707 1595 4755 dicantur

452 4797 482 4846 de
500 4795 584 4846 tribus
600 4796 736 4846 decaniis:
754 4796 784 4844 de
800 4795 909 4844 decania
925 4792 1057 4844 Gradensi
1073 4792 1201 4843 obolatam
1219 4809 1303 4854 cerae,
1320 4794 1374 4841 sire
1389 4795 1475 4857 ipsum
1492 4792 1593 4842 riclam

451 4883 602 4936 &adamis
620 4891 745 4936 monetae.
767 4890 791 4932 et
813 4898 897 4932 caseos
918 4883 949 4932 de
966 4888 1017 4930 toto
1034 4881 1101 4930 lactc
1121 4896 1273 4935 vaccarum,
1293 4882 1383 4929 onium
1402 4887 1427 4929 et
1446 4895 1591 4945 raparum
