4450 6125
863 838 1018 921 Sancti
1055 838 1268 922 Huberli.

496 1143 623 1225 gisisus
639 1140 758 1203 Μοηει
779 1140 919 1201 tradidit
932 1139 1141 1217 eamdemque
1156 1139 1295 1218 legalem
1312 1140 1523 1202 traditionem
1540 1142 1639 1218 impe·

498 1244 580 1305 riali
606 1242 785 1321 privilegio
801 1238 957 1317 firmavit
980 1243 1011 1299 el
1034 1238 1194 1320 signavit.
1224 1238 1356 1302 Harum
1387 1232 1641 1317 possessionum

500 1344 652 1406 maxima
682 1359 762 1423 pars
793 1340 874 1403 huic
905 1339 1043 1403 ecclesie
1075 1338 1207 1417 jamdiu
1238 1338 1400 1421 deperiit,
1428 1358 1495 1403 non
1527 1341 1642 1403 solum

500 1442 662 1507 violentia
685 1441 893 1506 secularium
918 1441 975 1503 sed
998 1441 1104 1503 etiam
1124 1439 1364 1521 episcoporum
1388 1441 1640 1507 Leodiensium.

458 1561 472 1614 5
502 1545 720 1609 Gualcaudus
744 1563 824 1607 vero
849 1542 1028 1624 episcopus
1056 1543 1273 1606 Altuenum¹
1296 1544 1456 1607 abbatem
1482 1546 1541 1626 qui
1570 1546 1642 1608 loco

502 1657 652 1727 preesset
666 1645 850 1720 ordinavit,
875 1644 1170 1727 possessionesque
1192 1655 1226 1708 et
1248 1632 1415 1714 redditus,
1432 1647 1559 1727 quibus
1576 1644 1643 1710 lra-

502 1760 570 1811 tres
583 1748 819 1817 subsisterent,
832 1745 931 1827 legali
944 1745 1125 1827 privilegio
1136 1744 1274 1808 ecclesie
1287 1745 1372 1808 iacto
1386 1747 1420 1808 in
1435 1758 1642 1827 perpetuum

502 1846 733 1921 confirmavit,
757 1859 925 1909 cernens‘¹
942 1847 1121 1926 specialius
1144 1844 1366 1926 profuturum
1389 1847 1452 1910 sibi
1474 1849 1638 1930 quicquid

502 1948 630 2010 ibidem
645 1946 847 2029 gereretur⁶
865 1948 1021 2026 usquein
1038 1945 1143 2008 finem
1159 1948 1275 2011 seculi.
1294 1948 1361 2025 Qui
1378 1958 1494 2011 autem
1511 1950 1642 2029 prelato

445 2070 474 2103 ιο
502 2049 616 2111 abbati
638 2048 858 2110 successerint
873 2058 895 2119 ⁶,
914 2048 966 2108 vel
982 2046 1150 2127 quamdiu
1174 2044 1373 2127 prefuerint,
1394 2048 1446 2109 vel
1467 2051 1643 2129 quomodo

503 2150 568 2213 sub
583 2166 790 2229 unoquoque
805 2164 926 2209 eorum
939 2147 1033 2209 locus
1048 2146 1121 2226 ipse
1135 2158 1195 2209 aut
1209 2147 1387 2228 profecerit
1402 2159 1462 2211 aut
1474 2148 1644 2223 deiecerit,

504 2268 614 2331 neque
635 2249 781 2331 legimus
804 2267 913 2331 neque
929 2267 948 2310 a
963 2265 1140 2330 quoquam
1156 2250 1283 2311 certius
1298 2252 1402 2312 relata
1418 2251 1605 2315 didicimus
1622 2243 1645 2323 ³,

503 2351 660 2433 ideoque,
674 2350 740 2412 hiis
753 2349 992 2431 pretermissis,
1004 2367 1071 2430 que
1088 2349 1214 2410 nostris
1226 2350 1438 2429 temporibus
1449 2351 1647 2414 audivimus

504 2462 537 2515 et
554 2452 705 2514 vidimus
718 2461 813 2532 gesta
830 2451 1048 2513 revolvamus
1062 2451 1085 2514 ⁴.

448 2671 475 2721 ¹5
545 2659 579 2717 b.
604 2656 663 2733 (9.)
686 2655 784 2715 Anno
798 2653 966 2714 lncarnati
985 2651 1086 2713 Verbi
1101 2651 1245 2731 [1034J‘1.
1263 2652 1446 2712 decedente
1464 2650 1646 2714 Renuardo

505 2755 637 2826 abbate,
652 2752 811 2816 successit
826 2752 856 2813 ei
872 2753 1023 2813 domnus
1036 2752 1228 2813 Adelardus
1239 2742 1249 2777 ⁵
1262 2770 1281 2813 a
1296 2741 1506 2833 Raginardo⁶
1520 2753 1649 2830 episco-

506 2875 550 2936 po
564 2855 701 2917 ecclesie
718 2852 806 2915 beati
824 2852 967 2914 liuberti
984 2852 1088 2913 abbas
1103 2852 1293 2923 ordinatus,
1310 2853 1369 2933 qui
1387 2851 1497 2915 luerat
1515 2871 1651 2915 monas-

506 2952 583 3015 terii
596 2951 703 3014 sancti
712 2952 885 3013 Trudonis
897 2951 1096 3013 scolasticus
1106 2959 1141 3012 et
1152 2951 1420 3014 thesaurarium.
1433 2953 1517 3033 lpse.
1527 2969 1566 3015 ut
1577 2964 1650 3016 erat

508 3055 561 3116 vir
581 3052 773 3116 industrius
791 3064 825 3116 et
840 3053 1003 3132 prudens,
1020 3070 1100 3114 cum
1116 3060 1320 3134 gravaretur
1336 3053 1435 3134 longa
1450 3065 1484 3117 et
1501 3055 1650 3118 maxima

450 3282 483 3318 20
543 3284 569 3318 o.
588 3266 720 3317 Peulelre
731 3267 858 3318 credens.
872 3295 904 3303 -
917 3264 939 3317 l.
953 3277 1068 3334 geretur
1080 3268 1117 3316 el.
1132 3295 1163 3303 -
1175 3285 1198 3317 c.
1212 3269 1379 3318 sucesserint
1393 3270 1429 3317 sl.
1443 3296 1470 3304 -
1483 3268 1507 3317 d.
1520 3268 1598 3317 llius
1611 3269 1648 3323 Α,

508 3354 534 3402 lo
552 3354 611 3404 dale
628 3370 751 3421 marique.
766 3359 822 3421 por
832 3352 911 3408 culli,
931 3371 978 3402 car
993 3352 1017 3403 lc
1032 3362 1099 3403 leste
1115 3371 1146 3402 ne
1159 3357 1278 3421 priscnle
1295 3371 1383 3405 aucun
1402 3353 1495 3407 blanc:
1514 3371 1565 3403 rene
1578 3357 1652 3404 itroire

502 3444 665 3510 postirieure
677 3439 715 3490 l'a
728 3438 834 3489 rirallte
845 3457 877 3489 cn
890 3455 990 3505 morgc,
1004 3440 1021 3487 l
1027 3439 1110 3505 'apris
1121 3439 1157 3490 les
1169 3440 1292 3491 c'le'mtrtls
1304 3442 1339 3491 du
1355 3442 1472 3505 clropilre
1490 3443 1606 3490 sur'mrnt.
1623 3469 1652 3478 —

507 3546 529 3577 c.
548 3527 765 3578 thesaurizarius
775 3528 811 3578 el.

547 3787 553 3813 ¹
575 3778 793 3831 Probablement
809 3778 956 3846 Bagimunt
971 3778 1198 3845 (Luxembourg,
1214 3779 1416 3838 Neulchitteau,
1432 3778 1591 3845 bouillon).

450 3874 481 3923 :5
547 3875 555 3900 ¹
574 3865 646 3932 Voy.
664 3881 713 3916 sur
729 3876 773 3917 cet
789 3865 870 3926 abbe',
884 3866 984 3932 appele
1001 3866 1115 3916 ailleurs
1130 3865 1276 3926 Altvaeus,
1289 3867 1314 3916 la
1331 3868 1423 3917 notice
1435 3866 1470 3916 de
1483 3865 1518 3918 G.
1535 3864 1654 3925 lituris,

514 3952 626 4002 Charus
638 3952 668 4001 de
679 3950 795 4018 l'olboye
807 3953 836 4000 dc
850 3951 1056 4011 saint-liuore,
1072 3963 1092 4003 t.
1110 3953 1129 4012 l,
1144 3968 1190 4017 pp.
1207 3965 1284 4001 xum
1298 3962 1325 4001 et
1339 3952 1410 4003 suiv.

549 4047 555 4072 ²
576 4038 630 4089 Sur
647 4037 784 4089 l'histoire
802 4039 837 4089 de
855 4038 980 4105 l'abbsyc
998 4039 1033 4089 de
1052 4038 1268 4099 Salat-Hubert,
1287 4040 1324 4090 du
1347 4039 1396 4090 lX⁰
1408 4056 1442 4089 au
1456 4039 1507 4090 Xl‘
1521 4040 1613 4099 siecle,
1628 4051 1655 4090 ct

512 4123 772 4190 perticulierement
785 4139 833 4174 sur
846 4123 871 4173 la
889 4124 961 4174 serie
977 4125 1012 4175 de
1029 4141 1072 4175 ses
1088 4126 1183 4183 abbis,
1201 4142 1264 4191 soy.
1279 4125 1314 4175 G.
1332 4125 1449 4180 lituris,
1466 4126 1513 4175 L«
1527 4130 1656 4192 ,troiam

511 4209 600 4260 siecles
614 4210 644 4258 de
654 4207 768 4276 l'ahbaye
781 4209 988 4265 Sirim-Hubert,
1005 4227 1050 4276 pp.
1067 4225 1098 4274 50
1110 4222 1138 4261 et
1151 4214 1223 4263 suiv.

451 4306 484 4355 30
547 4296 659 4347 ⁴Cette
676 4296 848 4348 declaration
866 4298 925 4347 doit
943 4299 1004 4348 etre
1021 4298 1163 4348 entendue
1181 4299 1249 4348 dans
1269 4314 1305 4346 un
1324 4313 1387 4347 sens
1405 4296 1494 4363 large:
1509 4297 1534 4345 le
1547 4299 1657 4347 chroni-

513 4398 605 4448 queur
632 4398 666 4433 ne
696 4383 810 4433 devient
841 4384 947 4433 temoin
974 4382 1097 4433 oculaire
1124 4384 1205 4450 qu'au
1232 4400 1315 4435 cours
1341 4384 1376 4433 de
1404 4383 1428 4433 la
1456 4382 1598 4447 prelature
1623 4383 1658 4433 de

515 4471 636 4536 Thierry
652 4469 696 4519 1⁰⁸.
710 4469 782 4536 Voy.
799 4469 833 4522 Κ.
850 4469 1007 4529 Haxousst,
1022 4454 1110 4518 Elui(
1121 4474 1242 4536 critique,
1259 4487 1304 4536 pp.
1320 4484 1350 4534 37
1364 4479 1392 4519 et
1405 4470 1476 4520 suis.

550 4555 763 4623 §Remsrquem
784 4572 832 4606 sur
850 4565 893 4606 cet
911 4555 992 4611 abbe.
1012 4554 1053 4605 les
1071 4556 1253 4623 divergences
1272 4557 1305 4606 de
1328 4556 1352 4606 la
1374 4557 1524 4622 t'lrroniqoc
1544 4572 1611 4607 avec
1632 4556 1658 4606 le

523 4640 582 4690 l'ita
599 4640 757 4698 Theoderici,
775 4642 888 4701 illm,
903 4642 965 4697 ἃᾶ,
983 4654 1002 4693 t.
1019 4641 1082 4702 ΧΗ,
1097 4659 1123 4708 p.
1139 4643 1180 4702 46.
1196 4643 1266 4709 Voy.
1281 4647 1295 4692 a
1312 4658 1343 4693 ce
1361 4643 1432 4707 sujet
1449 4641 1482 4692 Κ.
1500 4642 1657 4702 Hausisti,

453 4739 484 4789 35
516 4746 592 4780 liuor.
611 4731 670 4783 citi,
694 4746 740 4795 pp.
763 4730 808 4780 126
828 4741 854 4779 et
877 4730 949 4781 suiv.
971 4728 1029 4780 tir.
1053 4745 1100 4779 sur
1123 4729 1244 4779 Adelard
1266 4730 1290 4779 la
1312 4732 1405 4780 notice·
1426 4730 1460 4779 de
1482 4732 1491 4774 l
1498 4730 1516 4780 i.
1541 4729 1657 4788 lituris,

521 4814 632 4866 (Ἰωνία
645 4816 674 4864 dc
686 4814 697 4863 l
704 4813 801 4882 'rihhart
814 4816 843 4863 dc
856 4814 1063 4875 Sirini-Hellen,
1079 4825 1098 4864 l.
1116 4816 1135 4875 l,
1151 4833 1177 4881 p.
1193 4830 1252 4866 llll.

554 4909 566 4935 ⁰
585 4900 735 4969 Reginard,
748 4902 856 4969 aveque
868 4902 903 4952 dt·
917 4901 1011 4968 Liege,
1025 4902 1059 4952 tle
1075 4915 1135 4964 ¹0²5
1149 4906 1164 4951 it
1181 4916 1252 4965 ¹035·
