4450 6125
881 825 1037 912 Sancti
1065 828 1278 914 liuberti.
1598 833 1651 918 85

511 1123 575 1189 net
594 1124 645 1186 uel
664 1141 761 1186 emor
781 1124 888 1201 patris
910 1124 972 1197 tui,
988 1125 1050 1204 qui
1068 1124 1278 1186 elemosinam
1300 1126 1370 1205 ejus
1393 1123 1649 1204 defraudaveris,

510 1235 540 1288 et
568 1225 733 1302 fratribus
761 1230 829 1286 tom
858 1226 980 1287 devotis
1007 1226 1117 1286 adhuc
1143 1244 1214 1287 eom
1244 1228 1471 1289 detraxeris¹l
1508 1231 1558 1290 Ad
1589 1233 1652 1293 hoc

510 1323 715 1389 Godetridus
728 1336 961 1405 compunctus
982 1325 1017 1386 in
1033 1325 1191 1388 lacrimas
1207 1327 1335 1407 erupit,
1352 1339 1385 1390 et
1399 1328 1526 1410 gratias
1547 1349 1653 1411 agens

511 1425 704 1489 rationabili
730 1427 803 1504 eius
828 1425 1056 1506 castigationi.
1087 1426 1253 1509 quicquid
1280 1446 1321 1490 ex
1349 1428 1413 1490 boc
1445 1429 1651 1511 neglexerat,

467 1559 481 1612 ς
509 1533 777 1596 emendaturum
805 1532 931 1594 amodo
959 1549 994 1594 se
1023 1533 1191 1613 promisit.
1222 1532 1257 1594 ln
1286 1535 1477 1597 crastinum
1508 1545 1652 1617 uterque

508 1636 668 1697 abbatem
687 1634 880 1706 mandavit;
904 1632 1052 1696 venienti
1075 1651 1158 1696 vero
1178 1635 1248 1696 dux
1270 1634 1516 1698 officiosissime
1537 1655 1651 1699 assur·

508 1737 608 1810 rexit,
627 1746 661 1798 et
681 1736 729 1798 nil
747 1736 814 1797 tale
832 1737 874 1796 de
893 1753 932 1796 eo
950 1734 1113 1814 speranti,
1135 1753 1251 1797 coram
1270 1734 1432 1816 pontifice
1453 1745 1487 1798 et
1508 1740 1650 1819 quibus·

507 1838 588 1899 dam
612 1836 800 1899 curialibus
820 1836 903 1911 suis,
924 1834 1065 1898 vadium
1085 1834 1282 1898 humillime
1301 1834 1539 1900 satisfactionis
1558 1857 1649 1918 genu

508 1939 594 2002 flexo
614 1937 767 2019 porrexit
781 1938 803 2009 ².
823 1954 859 1998 se
876 1954 1019 2009 errasse,
1038 1954 1073 1997 se
1091 1953 1246 2015 peccasse
1269 1937 1305 1998 in
1330 1937 1438 1999 Deum
1460 1946 1494 2000 et
1516 1949 1648 2019 patrem

450 2066 481 2103 ro
506 2057 611 2103 suum
632 2048 684 2100 est
705 2035 888 2109 consessus,
907 2053 1129 2117 erroremque
1151 2054 1255 2098 suum
1277 2036 1404 2099 amodo
1424 2054 1459 2099 se
1480 2048 1649 2099 correctu-

508 2158 586 2202 rum
611 2136 793 2220 professus.
816 2137 960 2199 Miratus
977 2138 1083 2199 abbas
1100 2145 1135 2198 et
1153 2137 1277 2199 letatus
1296 2136 1329 2198 in
1350 2136 1508 2210 Domino,
1527 2136 1586 2217 qui
1605 2137 1648 2198 ad

505 2240 596 2324 quod
632 2238 707 2301 vult
743 2238 884 2301 inclinat
920 2239 1022 2300 corda
1061 2238 1220 2300 omnium
1257 2236 1410 2300 filiorum
1450 2237 1647 2310 hominum,

503 2350 710 2425 suggerente
732 2341 903 2421 episeopo,
928 2340 1005 2403 duci
1034 2340 1216 2403 recredidit
1241 2342 1332 2420 quod
1358 2339 1422 2401 sibi
1448 2348 1649 2420 porrexerat

503 2442 657 2517 vadium,
685 2442 719 2505 in
748 2444 852 2504 verbo
881 2441 1009 2504 scilicet
1037 2442 1185 2504 viventis
1211 2441 1324 2504 adhuc
1353 2442 1459 2522 patris
1487 2442 1552 2513 sui,
1579 2460 1648 2522 quo

445 2569 475 2623 ις
503 2563 585 2608 eum
612 2544 830 2622 adjuraverat
845 2555 871 2618 ⁸,
902 2542 970 2604 vite
999 2561 1059 2605 sue
1088 2553 1121 2604 et
1151 2542 1292 2604 honoris
1320 2542 1514 2604 conditione
1543 2542 1648 2603 inter-

504 2647 624 2724 posita.
651 2643 776 2706 Statim
800 2643 868 2716 itte,
891 2663 955 2724 pro
982 2644 1035 2706 his
1060 2661 1128 2724 que
1153 2644 1195 2704 de
1221 2641 1353 2723 prefato
1379 2644 1542 2704 thesauro
1567 2644 1646 2704 sub·

501 2745 649 2808 duxerat
686 2745 818 2817 abbati,
861 2744 990 2806 Bellam
1031 2743 1164 2806 Vallem
1204 2746 1246 2805 ad
1288 2762 1391 2807 usum
1431 2742 1577 2806 fratrum
1616 2745 1646 2805 ei

500 2845 660 2927 deposuit
681 2837 705 2921 ³,
737 2856 771 2907 et
804 2845 979 2908 ecelesiam
1014 2845 1141 2908 Montis
1174 2846 1390 2908 Madiensis⁴
1422 2863 1502 2908 eum
1536 2844 1647 2908 tribus

534 3085 559 3116 a.
579 3067 723 3118 adiuverat
738 3066 773 3116 A.

437 3443 473 3481 ιο
535 3429 542 3456 ¹
561 3419 619 3472 Ctr.
635 3434 700 3470 mon
715 3402 802 3468 Etude
812 3421 934 3485 critique,
951 3435 977 3483 p.
992 3433 1033 3481 49.

534 3507 584 3558 ἸΙ
608 3505 687 3573 s’agit
708 3504 1004 3556 rraisemblablement
1026 3505 1060 3555 ici
1081 3503 1166 3555 d'une
1187 3502 1343 3569 procedure
1365 3502 1553 3570 symbolique,
1577 3502 1644 3553 telle

495 3609 552 3661 que
568 3592 639 3644 celle
659 3590 807 3658 rapportee
825 3606 875 3657 par
893 3590 918 3640 la
934 3589 1095 3656 Cironiquc,
1115 3605 1139 3640 e.
1160 3602 1189 3640 ιι
1209 3590 1270 3656 (30)
1286 3607 1291 3640 :
1306 3591 1413 3653 justitie
1432 3588 1539 3638 vadium
1558 3592 1583 3637 ei
1594 3597 1643 3657 per

496 3682 632 3731 monicum
655 3680 743 3729 tunice
766 3694 812 3726 sue
829 3679 961 3746 porrarit,
983 3682 1033 3743 pro
1056 3693 1106 3743 quo
1129 3683 1153 3724 et
1177 3677 1252 3725 rudes
1275 3677 1360 3726 decem
1384 3675 1516 3725 librarum
1536 3687 1643 3726 caristus

495 3759 621 3835 deposuit.
641 3765 687 3817 On
700 3766 841 3816 entrevoit
854 3773 995 3815 comment
1012 3763 1053 3813 les
1064 3764 1164 3813 choses
1177 3780 1206 3813 se
1220 3774 1331 3829 passent
1346 3778 1352 3812 :
1365 3761 1434 3813 dans
1447 3762 1487 3812 les
1500 3762 1573 3812 deux
1588 3780 1642 3822 cas.

434 3874 467 3925 25
498 3855 524 3906 le
536 3852 673 3920 coupable
686 3868 715 3904 se
727 3852 799 3902 livre
811 3854 826 3902 a
839 3851 864 3901 la
878 3849 1010 3901 mercide
1024 3849 1160 3907 tollense,
1174 3861 1201 3899 et
1216 3850 1275 3901 cela
1288 3866 1337 3917 par
1351 3866 1406 3901 une
1418 3850 1644 3901 demonstration

496 3941 670 4000 exterieure;
689 3941 771 4005 apres
786 3938 853 4005 quoi
867 3937 885 3987 il
899 3937 1009 3988 obtient
1023 3952 1073 3987 son
1087 3936 1205 4003 pardou‚
1222 3937 1276 3987 soit
1290 3945 1463 4003 moyennant
1475 3936 1525 3987 des
1536 3939 1643 3998 nrbes,

496 4030 550 4080 soit
563 4044 611 4079 sur
624 4026 729 4094 parole.

529 4121 539 4157 t
558 4113 696 4179 Deposuit,
713 4112 853 4178 pentetre
872 4109 961 4160 lant-il
976 4109 1028 4159 lire
1040 4110 1178 4174 disposuit,
1194 4124 1305 4159 comme
1318 4109 1462 4167 odessus,
1478 4126 1504 4175 p.
1515 4112 1556 4174 65.
1570 4110 1587 4160 l.
1604 4125 1641 4173 ¹5.

495 4200 585 4251 lant-il
599 4200 661 4249 roir
672 4199 741 4249 dans
753 4207 797 4248 cet
810 4207 870 4248 aete
883 4197 917 4246 de
929 4195 1086 4247 Godeiroid
1102 4211 1157 4245 une
1170 4196 1323 4246 donationi
1343 4195 1465 4247 N'est·ce
1482 4214 1530 4263 pas
1546 4198 1639 4264 plutnt

435 4309 468 4357 30
496 4301 551 4337 une
563 4285 664 4351 simple
677 4284 863 4335 constitution
875 4281 1044 4333 d’usulruit?
1055 4280 1089 4331 Je
1102 4282 1161 4331 suis
1174 4282 1255 4346 porte
1271 4285 1286 4330 b
1305 4281 1329 4331 le
1348 4284 1448 4342 croire,
1466 4286 1480 4331 ‘a
1497 4287 1588 4334 raison
1604 4285 1639 4334 de

495 4373 520 4423 la
538 4372 701 4423 distinction
715 4386 770 4435 que
783 4378 865 4420 notre
878 4378 954 4419 texte
966 4367 1065 4419 e'tablit
1078 4378 1159 4418 entre
1174 4366 1326 4418 Bellevaux
1339 4377 1366 4417 et
1381 4367 1558 4435 Montmedy,
1577 4381 1605 4420 et
1623 4376 1638 4420 a

495 4461 586 4510 raison
602 4457 652 4509 des
669 4467 773 4508 termes
788 4457 825 4506 du
843 4471 955 4522 passage
967 4471 1022 4521 que
1036 4454 1063 4521 je
1077 4455 1157 4504 viens
1168 4453 1202 4503 de
1216 4463 1373 4519 τψρωηιττ,
1387 4470 1413 4519 p.
1428 4456 1470 4518 65,
1481 4453 1500 4506 l.
1516 4456 1543 4505 ra
1555 4473 1561 4506 :
1573 4458 1640 4522 quod

494 4547 602 4595 rudium
618 4546 669 4606 (sc.
684 4542 763 4593 Bello
783 4541 879 4606 Vallis)
897 4543 982 4609 quiete
997 4539 1029 4590 ab
1046 4543 1082 4590 eis
1096 4545 1244 4608 possessum
1261 4548 1307 4594 est,
1329 4541 1458 4607 quorndiu
1476 4541 1543 4591 ilem
1559 4541 1638 4591 Goda-

487 4633 584 4699 fridus
595 4633 708 4683 advivit.

433 4739 465 4791 35
527 4717 741 4784 ttionemedy,
768 4714 1007 4782 sous-proiectura
1038 4715 1074 4765 du
1104 4715 1301 4780 departement
1330 4715 1380 4765 des
1412 4714 1567 4766 Ardeunes.
1600 4715 1638 4765 la

495 4807 576 4874 copie
600 4806 652 4865 A„
678 4805 747 4856 dont
771 4804 812 4854 les
839 4804 1020 4854 annotations
1044 4812 1107 4851 sont
1133 4801 1295 4853 d’babitude
1319 4804 1377 4852 tres
1401 4804 1489 4857 sures.
1514 4802 1639 4853 identrtie

495 4895 677 4946 erronement
690 4892 770 4943 Mam
781 4891 930 4942 aradiensis
942 4905 1009 4940 avec
1024 4888 1126 4954 Mairy.
