4450 6125
565 902 620 1006 84
771 904 1084 985 Cantatorium
1113 907 1206 984 sive
1241 901 1491 985 Chronioon

447 1227 519 1278 ¹074·
606 1206 664 1264 27.
683 1200 762 1278 (38.)
786 1201 916 1262 interea
938 1201 1090 1262 monitus
1112 1198 1317 1263 Godefridus
1337 1217 1379 1260 ex
1402 1199 1566 1273 mandato
1585 1213 1712 1276 papea

566 1301 759 1364 Coloniensi
779 1301 932 1382 itemque
952 1301 1130 1363 Leodiensi
1150 1298 1324 1380 pontifice,
1346 1310 1385 1361 ut
1402 1300 1598 1361 condictam
1622 1300 1711 1379 patri

565 1403 746 1465 veritatem
758 1413 791 1464 et
804 1401 908 1463 fidem
921 1403 1104 1476 exolveret,
1113 1403 1239 1483 illeque
1246 1400 1445 1482 [cum]⁶nec
1456 1409 1639 1463 monentes
1649 1417 1712 1461 nec

565 1512 751 1584 arguentes
769 1504 890 1565 audire
911 1514 1058 1577 curaret,
1076 1504 1201 1565 accidit
1221 1512 1259 1564 ut
1279 1504 1430 1564 domnus
1450 1497 1713 1563 Herimannus‘

566 1604 728 1666 Metensis
741 1605 940 1684 episcopus¹
953 1605 995 1666 ad
1011 1623 1093 1666 eum
1108 1605 1309 1666 Ballonium
1321 1616 1333 1644 ⁶
1345 1604 1487 1666 veniret.
1498 1602 1580 1665 Erat
1591 1610 1711 1664 autem
1737 1657 1744 1662 .

564 1705 727 1767 dominici
747 1706 916 1767 adventus
935 1704 1108 1766 dominica
1126 1705 1276 1767 secunda
1286 1705 1309 1780 ²,
1325 1716 1371 1780 et,
1389 1713 1428 1767 ut
1441 1722 1546 1766 suum
1566 1714 1620 1766 est
1637 1702 1713 1783 ejus

564 1806 741 1887 temporis,
758 1807 979 1867 inhorruerat
1001 1805 1130 1885 passim
1152 1808 1299 1886 hyemps
1316 1805 1517 1886 asperrima.
1539 1803 1713 1883 Exceptus

563 1925 581 1969 a
603 1909 701 1981 duce,
724 1918 761 1969 ut
780 1907 920 1968 decebat
943 1915 1079 1968 tanturn
1103 1905 1314 1986 pontificem,
1333 1924 1413 1969 cum
1436 1915 1514 1986 post
1533 1923 1657 1968 cenam
1675 1905 1712 1966 in

563 2010 649 2070 lecto
682 2007 779 2070 ducis
812 1987 989 2088 pausaret,¹
1015 2009 1100 2069 duce
1129 2007 1333 2070 altrinsecus
1361 2008 1397 2068 in
1426 2007 1546 2069 eadem
1575 2023 1712 2068 camera

562 2109 768 2189 quiescente,
794 2108 907 2186 primo
929 2108 1113 2188 gallicinio,
1138 2108 1229 2188 apud
1253 2108 1421 2171 Sanctum
1442 2107 1585 2169 Petrum
1602 2097 1615 2134 ³
1635 2125 1711 2169 sur·

564 2218 727 2271 rexerunt
758 2207 839 2269 add
866 2208 998 2290 vigilias
1031 2206 1169 2284 iratres,
1204 2210 1449 2272 Theoderico‘
1476 2208 1599 2270 abbate
1629 2218 1712 2271 tunc

563 2327 643 2371 cum
670 2311 719 2370 eis
746 2309 792 2369 ibi
819 2309 1032 2371 demorante.
1069 2310 1214 2372 Miratus
1241 2311 1423 2390 episcopus
1448 2308 1544 2371 talis
1564 2311 1648 2372 hora
1677 2326 1712 2370 se

563 2428 747 2490 campanas
779 2409 912 2483 audire,
948 2410 1173 2491 interrogavit
1206 2411 1344 2486 ducem,
1374 2429 1444 2492 quo
1472 2411 1525 2471 vel
1555 2411 1597 2470 ad
1628 2410 1711 2491 quid

564 2522 736 2574 sonarent.
769 2512 957 2591 Respondit
986 2512 1069 2585 dux,
1096 2510 1218 2574 fratres
1246 2513 1337 2592 apud
1369 2511 1536 2574 Sanctum
1567 2510 1713 2573 Petrum

563 2615 606 2675 ad
629 2614 764 2696 vigilias
783 2631 935 2694 surgere,
956 2631 1081 2694 eosque
1103 2631 1144 2675 ex
1166 2613 1353 2675 elemosina
1375 2613 1484 2694 patris
1505 2611 1559 2675 sui
1580 2611 1712 2675 ibidem

566 2714 692 2776 locatos
713 2714 906 2776 consistere.
935 2715 985 2775 Ad
1011 2716 1075 2775 hoc
1100 2713 1293 2794 episcopus,
1317 2714 1421 2777 altius
1447 2712 1711 2796 ingemiscens:

568 2815 607 2888 Ο,
633 2814 759 2895 inquit,
787 2832 845 2876 nos
872 2814 1030 2890 infelices,
1056 2833 1139 2895 quos
1167 2815 1203 2875 in
1234 2817 1335 2875 lanlis
1360 2814 1486 2876 deliciis
1514 2813 1713 2893 quiescentes

568 2915 632 2975 Deo
663 2916 903 2991 condempnant
936 2917 1015 2977 tales
1047 2916 1183 2994 vigilie!
1214 2915 1336 2977 Felices
1366 2921 1509 2988 econtra,
1543 2933 1628 2995 quos
1656 2932 1713 2976 nec

564 3020 680 3095 torpor
709 3017 812 3077 medie
843 3019 957 3092 noctis,
993 3035 1050 3077 nec
1080 3016 1204 3078 horror
1235 3016 1336 3095 liujus
1368 3016 1550 3097 asperrime
1582 3017 1713 3099 hyemis

566 3118 717 3194 reprimit
748 3136 768 3178 a
802 3117 958 3179 laudibus
990 3117 1140 3179 omnium
1176 3119 1335 3180 mentoris
1373 3118 1455 3178 Dei!
1493 3116 1543 3179 Tu
1582 3136 1713 3200 quoque

566 3215 730 3296 infelicior
754 3219 1004 3296 infelicissimis,
1032 3237 1129 3299 quem
1160 3221 1298 3280 necdum
1326 3220 1500 3281 emolliunl
1529 3220 1578 3281 uel
1608 3222 1713 3282 limor

599 3435 625 3470 a.
643 3417 763 3485 Manque
774 3418 841 3468 dans
859 3426 916 3468 tous
931 3417 967 3468 les
983 3420 1148 3469 manuscrits
1162 3424 1187 3467 cl
1201 3418 1269 3467 dans
1282 3424 1363 3468 louus
1380 3417 1417 3468 ies
1432 3418 1553 3468 ldilions.
1567 3446 1600 3456 -
1612 3416 1638 3472 b.
1651 3420 1715 3471 her·

567 3520 666 3555 manus
685 3505 730 3561 A,·
744 3506 775 3568 je
793 3507 896 3571 corrige
912 3521 944 3554 en
963 3505 1155 3556 Herimannus
1172 3503 1276 3571 d'apre's
1295 3504 1319 3555 le
1336 3522 1360 3556 c.
1379 3518 1416 3569 25
1434 3504 1513 3570 (35).
1530 3532 1565 3542 -
1582 3520 1608 3556 c.
1629 3503 1716 3558 bulo·

566 3591 645 3642 nium
662 3591 698 3641 Α.
714 3620 745 3629 -
762 3591 817 3641 d.a
833 3592 871 3641 A.
884 3619 916 3629 -
932 3608 954 3643 e.
969 3591 1112 3643 teoderico
1123 3591 1161 3643 A.
1175 3618 1207 3628 -
1221 3590 1246 3653 f.
1265 3605 1298 3641 ea
1313 3589 1362 3641 tali
1380 3597 1437 3640 tous
1451 3590 1488 3639 les
1504 3590 1675 3655 menuscrils
1690 3596 1716 3639 el

565 3684 647 3728 toules
664 3677 700 3727 les
718 3678 849 3733 idilions,¹
867 3679 937 3728 mais
954 3677 1012 3728 l'un
1029 3678 1072 3727 des
1087 3678 1158 3727 deut·
1174 3684 1241 3727 mels
1257 3684 1295 3727 esl
1311 3678 1343 3727 dc
1359 3683 1417 3741 trop
1434 3684 1459 3727 el
1475 3674 1571 3727 semble
1583 3676 1715 3745 pronati
1739 3687 1751 3725 2

565 3765 645 3813 d'unc
655 3765 810 3815 distraction
823 3765 859 3815 du
871 3766 982 3835 copisle,·
994 3768 1010 3814 ὰ
1022 3767 1109 3816 moins
1121 3781 1155 3832 qu
1161 3763 1190 3814 'il
1199 3782 1231 3814 ne
1239 3763 1318 3827 soille
1328 3767 1447 3831 corriger
1457 3780 1490 3813 err
1501 3763 1558 3830 jem
1572 3762 1635 3815 tali.

603 4095 609 4121 ¹
629 4086 701 4155 Voy.
715 4088 860 4150 cidessus,
874 4104 902 4155 p.
918 4100 958 4154 71,
972 4104 1001 4141 n.
1018 4104 1041 4140 1.

601 4184 610 4209 ²
631 4175 674 4226 En
697 4190 768 4241 ¹07l›
789 4175 815 4227 le
833 4176 983 4228 deuxieme
1002 4175 1151 4227 dimanche
1169 4177 1205 4227 de
1223 4175 1339 4227 l'Avent
1357 4174 1454 4228 tombe
1472 4174 1499 4227 le
1519 4188 1533 4241 7
1551 4175 1717 4231 decembre.

567 4262 644 4327 Qu'il
657 4263 768 4330 s'agisse
781 4264 815 4315 ici
828 4264 863 4315 de
879 4278 951 4331 1074,
965 4264 991 4315 la
1003 4264 1164 4315 succession
1175 4263 1316 4314 naturelle
1327 4264 1377 4315 des
1388 4263 1573 4315 &venements
1585 4263 1718 4317 resuntis

567 4350 807 4402 ante'rieurcment
826 4351 971 4419 l'indique,
991 4352 1138 4402 demente
1158 4366 1214 4418 que
1234 4350 1389 4403 l’habitude
1408 4350 1446 4402 du
1467 4350 1664 4418 chroniqueur
1680 4352 1717 4405 de
1742 4369 1754 4422 3

568 4439 662 4488 suivre
674 4437 777 4489 i'urdrc
789 4438 1027 4506 chronologiquc;
1040 4454 1106 4506 voy.
1120 4447 1203 4490 notre
1213 4423 1302 4489 E'rude
1312 4438 1434 4506 critique,
1449 4452 1477 4505 p.
1491 4450 1548 4490 121.
1562 4437 1587 4489 n
1599 4448 1644 4492 eet
1656 4440 1717 4493 mi

567 4540 621 4589 quc
643 4525 668 4574 lu
689 4527 815 4593 chapitro
835 4527 948 4577 suivant
966 4527 1074 4594 (zi-39)
1093 4541 1256 4578 commence
1277 4541 1393 4593 parces
1414 4534 1489 4578 mute
1509 4542 1516 4578 :
1535 4526 1625 4578 eodem
1642 4543 1719 4579 enne

571 4608 740 4685 Tlrcodur'nus
761 4611 913 4662 leodiensis
932 4614 1067 4679 episcopus
1090 4614 1143 4662 υἱέα
1166 4613 1288 4668 deccssil,·
1314 4627 1348 4663 or
1370 4620 1445 4663 cette
1469 4620 1545 4664 mort
1568 4613 1664 4667 min
1690 4613 1719 4667 le

566 4710 596 4759 ²3
612 4697 674 4763 juin
694 4711 765 4762 ¹075·
785 4697 856 4748 Mais
873 4698 892 4748 il
909 4701 997 4765 paruit
1015 4699 1079 4750 bren
1095 4714 1151 4766 que
1167 4699 1194 4750 le
1211 4699 1404 4767 chroniqueur
1420 4714 1457 4750 ne
1472 4713 1562 4765 pense
1579 4714 1634 4768 pte
1650 4702 1718 4754 icit

565 4783 673 4835 l'anne'e
692 4785 729 4835 du
749 4785 915 4848 calendrier,
936 4788 1005 4837 mais
1022 4790 1037 4837 it
1056 4787 1081 4837 la
1100 4786 1188 4838 duree
1205 4787 1241 4838 de
1258 4787 1349 4839 douze
1367 4786 1449 4839 mois.
1472 4784 1550 4838 Dans
1570 4786 1599 4840 le
1620 4790 1717 4842 meme
1745 4805 1754 4857 3

565 4887 639 4933 sens,
653 4871 689 4924 (i.
705 4871 824 4935 Kuarn,
837 4890 912 4925 ouvr.
926 4876 984 4929 ciri,
1001 4884 1021 4926 t.
1039 4873 1061 4936 1,
1075 4889 1123 4940 pp.
1137 4886 1167 4935 42
1181 4884 1208 4925 et
1224 4874 1297 4926 suiv.

601 4965 611 5004 ³
631 4959 702 5027 l'oy.
715 4959 861 5023 cidessus,
874 4977 901 5028 p.
917 4974 958 5027 59,
972 4975 1001 5011 n.
1016 4972 1039 5013 2.
