4450 6125
555 855 636 937 250
761 857 1071 940 Gustatorium
1100 860 1194 939 sive
1229 854 1481 939 Chronicon

550 1154 678 1235 quibus
703 1156 917 1237 culpabatur.
943 1156 1078 1236 publice
1101 1152 1302 1235 increpavit.
1332 1151 1399 1216 Nec
1424 1149 1525 1233 prius
1548 1145 1686 1220 abstitit,

550 1275 656 1340 quam
678 1258 869 1341 dequibus
891 1256 1151 1332 criminabatur,
1168 1255 1247 1319 cleri
1270 1254 1323 1319 sui
1346 1251 1487 1318 consilio
1500 1261 1537 1316 et
1550 1248 1688 1313 arbitrio

551 1358 753 1441 corrigenda
788 1358 992 1434 condiceret,
1028 1359 1254 1440 ejusdemque
1292 1352 1498 1420 conditionis
1537 1351 1685 1416 obsidem

550 1462 728 1541 propriam
763 1458 867 1523 lidem
900 1472 934 1522 et
968 1459 1210 1523 auctoritatem
1245 1455 1475 1540 episcopalem
1510 1454 1548 1518 in
1584 1468 1685 1516 manu

549 1561 793 1642 archiepiscopi
813 1561 1008 1642 deponeret.
1026 1560 1232 1623 Terminum
1251 1575 1389 1642 quoque
1404 1555 1556 1639 predicte
1573 1552 1684 1618 condi·
1719 1555 1728 1604 ⁵

550 1663 651 1726 tionis
672 1681 691 1726 a
715 1681 750 1726 se
770 1664 904 1744 agendo
924 1661 1065 1726 concilio
1085 1660 1225 1725 colonie
1246 1661 1396 1724 secunda
1418 1657 1594 1722 dominica
1615 1667 1684 1740 post

550 1764 678 1829 Pascha
699 1766 1002 1847 archiepiscopus⁴
1018 1762 1165 1847 prefixit,
1188 1763 1306 1845 sicque
1326 1761 1396 1843 iam
1418 1777 1563 1844 vespera
1576 1757 1684 1822 immi·

548 1874 660 1940 dente,
677 1866 888 1930 audientiam
902 1867 1013 1930 solvit.

585 2049 644 2109 9⁷.
658 2049 759 2125 (127.)
775 2045 928 2126 Sequens
942 2043 1069 2107 Pascha
1082 2043 1249 2106 Henricus
1259 2059 1318 2105 rex
1332 2039 1449 2104 Leodii
1461 2039 1646 2105 celebrarlt
1655 2039 1678 2111 ’ς

546 2146 592 2208 ibi
619 2145 778 2209 maximis
803 2145 953 2208 obsoniis
976 2146 1069 2226 apud
1096 2162 1178 2208 eum
1203 2142 1369 2208 Otbertus
1393 2140 1516 2218 effecit,
1541 2160 1583 2206 ne
1609 2159 1675 2224 pre·
1704 2161 1726 2198 ιο

544 2245 654 2310 lixum
686 2246 870 2310 concilium
903 2246 1042 2310 Colonie
1072 2245 1199 2309 sineret
1233 2243 1319 2321 lieri,
1355 2244 1439 2328 quia
1469 2244 1679 2309 dissimulata

543 2348 738 2411 conditione
757 2345 836 2410 fidei
856 2346 1021 2422 condicte‚
1037 2347 1256 2411 correctionis
1275 2357 1371 2427 pacte
1386 2346 1572 2410 verebatur
1588 2363 1679 2410 exac-

542 2450 682 2512 tionem.
701 2448 736 2511 Si
753 2448 836 2531 quid
853 2448 999 2528 denique
1018 2447 1269 2510 emendationis
1286 2448 1379 2527 apud
1394 2463 1553 2530 quosque
1568 2456 1680 2530 poten·

541 2551 645 2613 tiores
658 2548 839 2611 videbatur
854 2548 935 2610 inde
949 2547 1106 2618 effecisse.
1122 2566 1190 2610 non
1206 2548 1270 2611 hoc
1283 2544 1440 2612 effecerat
1455 2547 1508 2610 vel
1524 2545 1616 2623 fidei.
1632 2546 1679 2612 rel

541 2650 679 2712 virtutis
693 2648 902 2721 executione,
915 2649 972 2710 sed
990 2660 1029 2711 ut
1040 2648 1081 2711 ad
1094 2659 1233 2728 tempus
1247 2665 1307 2712 suc
1320 2646 1517 2712 consuleret
1530 2645 1677 2712 infantie.
1705 2661 1725 2710 ¹5

541 2750 597 2812 Sic
610 2768 650 2812 er
668 2750 771 2832 regali
789 2749 1037 2828 impedimento
1051 2747 1229 2811 deficiente
1242 2748 1397 2825 concilio,
1412 2759 1531 2812 nostra
1546 2766 1679 2832 quoquc

541 2848 704 2913 frustrata
730 2861 780 2911 est
805 2851 847 2911 de
870 2848 1095 2929 promissione
1117 2848 1361 2931 archiepiscopi
1383 2849 1590 2930 expectatio.
1617 2849 1679 2914 Nec

542 2953 654 3014 multo
673 2959 749 3031 post
767 2949 944 3012 suscitavit
962 2951 1050 3013 Deus
1065 2949 1227 3028 spiritum
1243 2948 1434 3031 pessimum
1453 2950 1546 3014 inter
1562 2950 1679 3014 Henri-

540 3068 620 3114 cum
653 3058 685 3112 et
718 3047 827 3112 lilium
860 3049 945 3128 ejus.
977 3049 1143 3114 Henricus
1173 3070 1193 3114 a
1223 3068 1311 3133 papa
1340 3049 1506 3135 Gregorio
1533 3050 1678 3135 septimo

539 3153 856 3216 excommunicatus
880 3169 944 3232 pro
968 3151 1171 3215 criminibus
1194 3152 1371 3217 evidenter
1396 3152 1564 3235 probatis,
1590 3170 1677 3217 anno
1700 3164 1725 3202 υ

539 3253 705 3315 incarnati
735 3252 835 3314 Verbi
863 3252 1047 3316 millesimo
1074 3255 1329 3336 septuagesimo
1360 3260 1458 3319 sexto
1483 3254 1521 3319 in
1548 3256 1677 3337 synodo

540 3354 706 3431 Romana,
722 3360 860 3415 extunc
876 3370 937 3433 per
953 3353 1094 3434 triginta
1111 3352 1180 3417 lere
1194 3371 1303 3418 annos
1321 3354 1546 3437 apostolicam
1564 3355 1675 3419 κάει

539 3454 777 3534 impugnabat,
794 3462 827 3514 et
841 3465 1011 3534 quantum
1028 3454 1063 3515 in
1075 3472 1110 3516 se
1125 3466 1210 3531 erat,
1222 3472 1343 3518 omnes
1354 3454 1419 3519 sibi
1430 3455 1676 3519 consentientes

537 3570 555 3613 a
588 3562 741 3630 respectu
769 3561 803 3614 et
832 3550 995 3615 fidelitate
1022 3554 1107 3630 ejus,
1136 3554 1288 3633 periculo
1315 3554 1514 3619 animarum
1543 3572 1674 3627 eorum.

538 3654 721 3716 avertebat.
741 3653 765 3715 F
768 3654 825 3715 ilio
844 3667 960 3717 autem
976 3654 1050 3735 ejus
1064 3655 1134 3733 jam
1148 3667 1309 3719 coronato
1322 3657 1347 3732 ⁸.
1362 3668 1568 3741 suggestum
1582 3657 1673 3721 estci
1698 3668 1720 3719 :5

538 3772 556 3813 a
576 3754 694 3816 multis
713 3762 747 3816 et
767 3755 927 3816 maximis
947 3755 1155 3834 primoribus
1174 3756 1283 3839 regni,
1301 3768 1339 3820 ut
1357 3756 1496 3821 ecclesie
1513 3756 1674 3831 Romane,

539 3855 637 3932 cujus
661 3863 736 3917 erat
763 3866 858 3934 pater
881 3874 966 3919 suus
987 3865 1059 3919 tam
1081 3857 1206 3939 longus
1226 3858 1465 3941 impugnator,
1487 3858 1562 3941 ipae
1587 3858 1678 3925 fleret

540 3951 650 4016 lidelis
680 3952 836 4016 defensor
868 3955 983 4036 sicque
1020 3958 1282 4039 pretenderetur
1309 3957 1373 4022 sibi
1402 3958 1557 4024 melioris
1584 3976 1677 4025 cauoe

539 4052 771 4116 defensionem
787 4054 876 4134 patri
893 4057 1119 4137 repugnando
1130 4047 1152 4120 ³.
1167 4056 1386 4140 Suggestioni
1400 4056 1575 4123 comonis
1588 4058 1676 4141 jure·

570 4216 597 4258 a.
614 4202 823 4273 arciepiscopus
833 4205 871 4257 A.
1699 4203 1723 4253 Ρ

575 4442 581 4469 ¹
604 4433 694 4487 Henri
708 4434 746 4486 lv
759 4452 794 4487 ne
808 4436 868 4486 vim
881 4438 897 4485 t
910 4434 1005 4503 Liege,
1019 4451 1054 4487 en
1070 4450 1142 4499 1104,
1156 4434 1285 4503 qu'aprbs
1297 4433 1421 4504 Paqum
1435 4433 1477 4489 tu
1488 4448 1606 4491 mmet
1615 4444 1674 4489 soet

539 4516 664 4570 d’accord
683 4534 755 4585 pour
770 4520 831 4571 dire
848 4518 916 4586 qu'il
934 4520 1044 4573 celebra
1062 4531 1136 4572 cette
1154 4519 1209 4572 lete
1226 4524 1242 4572 a
1260 4519 1407 4589 Mayenoe,
1426 4520 1491 4589 ptris
1507 4520 1567 4575 t'en
1587 4522 1646 4575 viat
1661 4524 1674 4571 l

541 4602 638 4671 [ἠίθεος
653 4621 718 4672 roy.
733 4604 841 4658 lisina
854 4620 910 4659 von·
927 4605 1066 4668 lisos'nu,
1076 4623 1152 4658 auor.
1166 4609 1225 4665 citt,
1242 4618 1262 4659 t.
1276 4607 1312 4670 V,
1325 4622 1354 4677 p.
1369 4620 1427 4675 199.

571 4698 579 4723 ¹
600 4688 639 4740 Lc
652 4693 667 4741 6
679 4692 788 4757 janvicr
804 4707 874 4758 1099,
889 4691 1169 4760 {cilix-la-Chapelle;
1185 4692 1238 4755 lta,
1253 4692 1326 4751 tm„
1341 4708 1369 4762 p.
1383 4704 1424 4759 57.

570 4782 579 4811 ¹
591 4776 665 4828 ll'est
676 4789 853 4829 exactcment
866 4779 891 4829 le
908 4794 934 4829 12
945 4779 1094 4832 dcceutbre
1108 4794 1179 4842 tros,
1190 4778 1330 4848 qu'llenri
1340 4778 1378 4831 lv
1391 4776 1434 4831 lut
1444 4778 1615 4835 abaadmnt
1626 4794 1673 4849 pet
1695 4784 1718 4833 lt

535 4879 585 4915 son
597 4862 654 4924 lils;
668 4864 778 4916 celuici
791 4868 881 4933 quitto
894 4867 920 4919 le
932 4882 1013 4934 camp
1025 4867 1151 4935 patemel
1164 4866 1277 4920 etablil
1294 4864 1426 4929 Fritalatt
1440 4864 1492 4921 dea
1508 4880 1585 4921 mars
1603 4878 1671 4933 ιιος,

536 4950 554 5001 il
563 4951 636 5003 avait
649 4950 698 5003 tait
711 4968 739 5003 sa
752 4954 878 5017 junction
891 4969 958 5005 avet
971 4954 1011 5005 les
1025 4954 1145 5009 Saxuns:
1163 4954 1215 5015 ln„
1230 4953 1303 5017 itia,
1317 4967 1376 5019 τοι,
1389 4966 1447 5009 m.
