<?xml version="1.0" encoding="UTF-8"?>
<!DOCTYPE html PUBLIC "-//W3C//DTD XHTML 1.0 Transitional//EN"
    "http://www.w3.org/TR/xhtml1/DTD/xhtml1-transitional.dtd">
<html xmlns="http://www.w3.org/1999/xhtml" xml:lang="en" lang="en">
 <head>
  <title>
</title>
<meta http-equiv="Content-Type" content="text/html;charset=utf-8" />
  <meta name='ocr-system' content='tesseract 3.04.00' />
  <meta name='ocr-capabilities' content='ocr_page ocr_carea ocr_par ocr_line ocrx_word'/>
</head>
<body>
  <div class='ocr_page' id='page_1' title='image "./lachroniquedesa00minogoog_0100.png"; bbox 0 0 4450 6125; ppageno 0'>
   <div class='ocr_carea' id='block_1_1' title="bbox 601 794 1525 880">
    <p class='ocr_par' dir='ltr' id='par_1_1' title="bbox 601 794 1525 880">
     <span class='ocr_line' id='line_1_1' title="bbox 601 794 1525 880; baseline -0.006 -1"><span class='ocrx_word' id='word_1_1' title='bbox 601 794 655 879; x_wconf 86' lang='lat'>38</span> <span class='ocrx_word' id='word_1_2' title='bbox 807 796 1119 877; x_wconf 75' lang='lat' dir='ltr'>Cantatorium</span> <span class='ocrx_word' id='word_1_3' title='bbox 1148 800 1241 877; x_wconf 76' lang='lat' dir='ltr'>sine</span> <span class='ocrx_word' id='word_1_4' title='bbox 1276 796 1525 880; x_wconf 73' lang='lat' dir='ltr'>Chronieon</span> 
     </span>
    </p>
   </div>
   <div class='ocr_carea' id='block_1_2' title="bbox 595 1090 1813 2078">
    <p class='ocr_par' dir='ltr' id='par_1_2' title="bbox 595 1090 1813 2078">
     <span class='ocr_line' id='line_1_2' title="bbox 599 1090 1747 1172; baseline 0.001 -20"><span class='ocrx_word' id='word_1_5' title='bbox 599 1091 745 1153; x_wconf 91' lang='lat' dir='ltr'>introitu</span> <span class='ocrx_word' id='word_1_6' title='bbox 769 1091 905 1154; x_wconf 85' lang='lat' dir='ltr'>ecclesie</span> <span class='ocrx_word' id='word_1_7' title='bbox 925 1109 1044 1154; x_wconf 89' lang='lat' dir='ltr'>versus</span> <span class='ocrx_word' id='word_1_8' title='bbox 1064 1090 1279 1155; x_wconf 86' lang='lat' dir='ltr'>claustrum¹</span> <span class='ocrx_word' id='word_1_9' title='bbox 1302 1091 1516 1172; x_wconf 85' lang='lat' dir='ltr'>sepeliretur,</span> <span class='ocrx_word' id='word_1_10' title='bbox 1545 1091 1747 1153; x_wconf 86' lang='lat' dir='ltr'>Manasses¹</span> 
     </span>
     <span class='ocr_line' id='line_1_3' title="bbox 600 1190 1748 1273; baseline 0.001 -20"><span class='ocrx_word' id='word_1_11' title='bbox 600 1209 749 1273; x_wconf 87' lang='lat' dir='ltr'>quoque,</span> <span class='ocrx_word' id='word_1_12' title='bbox 772 1190 877 1254; x_wconf 86' lang='lat' dir='ltr'>frater</span> <span class='ocrx_word' id='word_1_13' title='bbox 901 1192 1055 1271; x_wconf 88' lang='lat' dir='ltr'>ejusdem</span> <span class='ocrx_word' id='word_1_14' title='bbox 1080 1192 1263 1271; x_wconf 83' lang='lat' dir='ltr'>Arnulphi.</span> <span class='ocrx_word' id='word_1_15' title='bbox 1289 1191 1406 1254; x_wconf 89' lang='lat' dir='ltr'>divino</span> <span class='ocrx_word' id='word_1_16' title='bbox 1431 1190 1565 1273; x_wconf 77' lang='lat' dir='ltr'>flagello</span> <span class='ocrx_word' id='word_1_17' title='bbox 1589 1192 1748 1272; x_wconf 88' lang='lat' dir='ltr'>compel-</span> 
     </span>
     <span class='ocr_line' id='line_1_4' title="bbox 599 1289 1748 1370; baseline 0.004 -19"><span class='ocrx_word' id='word_1_18' title='bbox 599 1290 702 1364; x_wconf 89' lang='lat' dir='ltr'><strong>lente,</strong></span> <span class='ocrx_word' id='word_1_19' title='bbox 729 1293 919 1353; x_wconf 87' lang='lat' dir='ltr'>monachus</span> <span class='ocrx_word' id='word_1_20' title='bbox 944 1289 1081 1353; x_wconf 86' lang='lat' dir='ltr'>effectus</span> <span class='ocrx_word' id='word_1_21' title='bbox 1110 1301 1144 1354; x_wconf 92' lang='lat' dir='ltr'>et</span> <span class='ocrx_word' id='word_1_22' title='bbox 1176 1301 1250 1370; x_wconf 92' lang='lat' dir='ltr'>post</span> <span class='ocrx_word' id='word_1_23' title='bbox 1279 1291 1366 1354; x_wconf 86' lang='lat' dir='ltr'>inira</span> <span class='ocrx_word' id='word_1_24' title='bbox 1396 1309 1550 1354; x_wconf 86' lang='lat' dir='ltr'>mensem</span> <span class='ocrx_word' id='word_1_25' title='bbox 1582 1300 1748 1356; x_wconf 85' lang='lat' dir='ltr'>mortuus</span> 
     </span>
     <span class='ocr_line' id='line_1_5' title="bbox 598 1389 1746 1473; baseline 0.006 -22"><span class='ocrx_word' id='word_1_26' title='bbox 598 1389 728 1453; x_wconf 85' lang='lat' dir='ltr'><strong>ibidem</strong></span> <span class='ocrx_word' id='word_1_27' title='bbox 739 1402 981 1472; x_wconf 79' lang='lat' dir='ltr'>apponeretur.</span> <span class='ocrx_word' id='word_1_28' title='bbox 997 1392 1104 1455; x_wconf 88' lang='lat' dir='ltr'>Erant</span> <span class='ocrx_word' id='word_1_29' title='bbox 1117 1400 1271 1472; x_wconf 88' lang='lat' dir='ltr'>preterca</span> <span class='ocrx_word' id='word_1_30' title='bbox 1282 1402 1432 1473; x_wconf 89' lang='lat' dir='ltr'>quatuor</span> <span class='ocrx_word' id='word_1_31' title='bbox 1443 1391 1575 1466; x_wconf 86' lang='lat' dir='ltr'>fratres,</span> <span class='ocrx_word' id='word_1_32' title='bbox 1586 1393 1746 1458; x_wconf 86' lang='lat' dir='ltr'>videlicet</span> 
     </span>
     <span class='ocr_line' id='line_1_6' title="bbox 600 1491 1811 1574; baseline 0.004 -22"><span class='ocrx_word' id='word_1_33' title='bbox 600 1491 700 1573; x_wconf 81' lang='lat' dir='ltr'>lingo</span> <span class='ocrx_word' id='word_1_34' title='bbox 714 1500 748 1553; x_wconf 91' lang='lat' dir='ltr'>et</span> <span class='ocrx_word' id='word_1_35' title='bbox 763 1493 968 1564; x_wconf 79' lang='lat' dir='ltr'>ludovicus,</span> <span class='ocrx_word' id='word_1_36' title='bbox 988 1493 1176 1556; x_wconf 85' lang='lat' dir='ltr'>Rodericus</span> <span class='ocrx_word' id='word_1_37' title='bbox 1195 1502 1228 1555; x_wconf 93' lang='lat' dir='ltr'>et</span> <span class='ocrx_word' id='word_1_38' title='bbox 1246 1493 1428 1574; x_wconf 86' lang='lat' dir='ltr'>Riquinus‚</span> <span class='ocrx_word' id='word_1_39' title='bbox 1445 1491 1507 1554; x_wconf 91' lang='lat' dir='ltr'>tilii</span> <span class='ocrx_word' id='word_1_40' title='bbox 1524 1493 1744 1570; x_wconf 85' lang='lat' dir='ltr'>Richezonis,</span> <span class='ocrx_word' id='word_1_41' title='bbox 1796 1517 1811 1568; x_wconf 84' lang='lat'>5</span> 
     </span>
     <span class='ocr_line' id='line_1_7' title="bbox 597 1585 1746 1677; baseline 0.003 -24"><span class='ocrx_word' id='word_1_42' title='bbox 597 1610 638 1653; x_wconf 87' lang='lat' dir='ltr'>ex</span> <span class='ocrx_word' id='word_1_43' title='bbox 655 1593 821 1675; x_wconf 79' lang='lat' dir='ltr'>liegarde</span> <span class='ocrx_word' id='word_1_44' title='bbox 835 1594 943 1656; x_wconf 83' lang='lat' dir='ltr'>amita</span> <span class='ocrx_word' id='word_1_45' title='bbox 955 1592 1151 1673; x_wconf 71' lang='lat' dir='ltr'>“Arnulphi</span> <span class='ocrx_word' id='word_1_46' title='bbox 1168 1594 1302 1656; x_wconf 88' lang='lat' dir='ltr'>comitis</span> <span class='ocrx_word' id='word_1_47' title='bbox 1318 1585 1339 1657; x_wconf 83' lang='lat'>³.</span> <span class='ocrx_word' id='word_1_48' title='bbox 1357 1594 1488 1656; x_wconf 86' lang='lat' dir='ltr'>Horum</span> <span class='ocrx_word' id='word_1_49' title='bbox 1506 1612 1607 1669; x_wconf 76' lang='lat' dir='ltr'>nune,</span> <span class='ocrx_word' id='word_1_50' title='bbox 1622 1594 1746 1677; x_wconf 89' lang='lat' dir='ltr'>Riqui·</span> 
     </span>
     <span class='ocr_line' id='line_1_8' title="bbox 597 1684 1747 1775; baseline 0.003 -20"><span class='ocrx_word' id='word_1_51' title='bbox 597 1711 663 1755; x_wconf 90' lang='lat' dir='ltr'>nus</span> <span class='ocrx_word' id='word_1_52' title='bbox 681 1694 705 1767; x_wconf 86' lang='lat'>⁴,</span> <span class='ocrx_word' id='word_1_53' title='bbox 735 1695 778 1755; x_wconf 90' lang='lat' dir='ltr'>ab</span> <span class='ocrx_word' id='word_1_54' title='bbox 808 1694 1023 1756; x_wconf 84' lang='lat' dir='ltr'>Heribrando</span> <span class='ocrx_word' id='word_1_55' title='bbox 1052 1684 1298 1756; x_wconf 85' lang='lat' dir='ltr'>Bulloniensi⁵</span> <span class='ocrx_word' id='word_1_56' title='bbox 1326 1692 1533 1768; x_wconf 69' lang='lat' dir='ltr'>interfectus</span> <span class='ocrx_word' id='word_1_57' title='bbox 1565 1695 1607 1757; x_wconf 88' lang='lat' dir='ltr'>ad</span> <span class='ocrx_word' id='word_1_58' title='bbox 1637 1706 1747 1775; x_wconf 91' lang='lat' dir='ltr'>caput</span> 
     </span>
     <span class='ocr_line' id='line_1_9' title="bbox 596 1777 1747 1876; baseline 0.003 -21"><span class='ocrx_word' id='word_1_59' title='bbox 596 1777 748 1874; x_wconf 90' lang='lat' dir='ltr'>predicte</span> <span class='ocrx_word' id='word_1_60' title='bbox 765 1794 924 1856; x_wconf 75' lang='lat' dir='ltr'>Adeladis</span> <span class='ocrx_word' id='word_1_61' title='bbox 948 1803 999 1856; x_wconf 86' lang='lat' dir='ltr'>cst</span> <span class='ocrx_word' id='word_1_62' title='bbox 1017 1794 1184 1875; x_wconf 91' lang='lat' dir='ltr'>sepultus.</span> <span class='ocrx_word' id='word_1_63' title='bbox 1206 1794 1292 1856; x_wconf 90' lang='lat' dir='ltr'>Hinc</span> <span class='ocrx_word' id='word_1_64' title='bbox 1311 1812 1390 1876; x_wconf 79' lang='lat' dir='ltr'>erga</span> <span class='ocrx_word' id='word_1_65' title='bbox 1413 1794 1528 1858; x_wconf 89' lang='lat' dir='ltr'>locum</span> <span class='ocrx_word' id='word_1_66' title='bbox 1542 1792 1622 1857; x_wconf 84' lang='lat' dir='ltr'>lacti</span> <span class='ocrx_word' id='word_1_67' title='bbox 1638 1796 1747 1858; x_wconf 81' lang='lat' dir='ltr'>devo·</span> 
     </span>
     <span class='ocr_line' id='line_1_10' title="bbox 596 1893 1746 1977; baseline 0.003 -22"><span class='ocrx_word' id='word_1_68' title='bbox 596 1895 700 1958; x_wconf 86' lang='lat' dir='ltr'>tiores</span> <span class='ocrx_word' id='word_1_69' title='bbox 723 1906 756 1958; x_wconf 89' lang='lat' dir='ltr'>et</span> <span class='ocrx_word' id='word_1_70' title='bbox 781 1895 985 1975; x_wconf 83' lang='lat' dir='ltr'>Arnulphus</span> <span class='ocrx_word' id='word_1_71' title='bbox 1010 1905 1044 1957; x_wconf 89' lang='lat' dir='ltr'>et</span> <span class='ocrx_word' id='word_1_72' title='bbox 1071 1905 1210 1975; x_wconf 89' lang='lat' dir='ltr'>nepotes</span> <span class='ocrx_word' id='word_1_73' title='bbox 1232 1893 1318 1975; x_wconf 82' lang='lat' dir='ltr'>ejus,</span> <span class='ocrx_word' id='word_1_74' title='bbox 1341 1907 1480 1976; x_wconf 82' lang='lat' dir='ltr'>nepotes</span> <span class='ocrx_word' id='word_1_75' title='bbox 1506 1895 1650 1977; x_wconf 89' lang='lat' dir='ltr'>quidem</span> <span class='ocrx_word' id='word_1_76' title='bbox 1676 1913 1746 1977; x_wconf 88' lang='lat' dir='ltr'>pro</span> 
     </span>
     <span class='ocr_line' id='line_1_11' title="bbox 595 1994 1813 2078; baseline -0.002 -22"><span class='ocrx_word' id='word_1_77' title='bbox 595 1994 699 2059; x_wconf 80' lang='lat' dir='ltr'>fratre</span> <span class='ocrx_word' id='word_1_78' title='bbox 735 2015 797 2058; x_wconf 90' lang='lat' dir='ltr'>suo</span> <span class='ocrx_word' id='word_1_79' title='bbox 839 1997 1010 2058; x_wconf 87' lang='lat' dir='ltr'>dederunt</span> <span class='ocrx_word' id='word_1_80' title='bbox 1045 1996 1182 2058; x_wconf 86' lang='lat' dir='ltr'>ecclesie</span> <span class='ocrx_word' id='word_1_81' title='bbox 1217 1997 1382 2078; x_wconf 90' lang='lat' dir='ltr'>quicquid</span> <span class='ocrx_word' id='word_1_82' title='bbox 1428 1999 1601 2060; x_wconf 82' lang='lat' dir='ltr'>habebant</span> <span class='ocrx_word' id='word_1_83' title='bbox 1643 1997 1742 2077; x_wconf 91' lang='lat' dir='ltr'>apud</span> <span class='ocrx_word' id='word_1_84' title='bbox 1778 2018 1813 2055; x_wconf 87' lang='grc' dir='ltr'>ιο</span> 
     </span>
    </p>
   </div>
   <div class='ocr_carea' id='block_1_3' title="bbox 629 2172 819 2226">
    <p class='ocr_par' dir='ltr' id='par_1_3' title="bbox 629 2172 819 2226">
     <span class='ocr_line' id='line_1_12' title="bbox 629 2172 819 2226; baseline 0.021 -5"><span class='ocrx_word' id='word_1_85' title='bbox 629 2189 655 2222; x_wconf 86' lang='lat' dir='ltr'><strong>a.</strong></span> <span class='ocrx_word' id='word_1_86' title='bbox 674 2172 770 2224; x_wconf 80' lang='lat' dir='ltr'>annila</span> <span class='ocrx_word' id='word_1_87' title='bbox 782 2173 819 2226; x_wconf 79' lang='lat' dir='ltr'>A.</span> 
     </span>
    </p>
   </div>
   <div class='ocr_carea' id='block_1_4' title="bbox 594 2448 1809 3004">
    <p class='ocr_par' dir='ltr' id='par_1_4' title="bbox 594 2448 1809 3004">
     <span class='ocr_line' id='line_1_13' title="bbox 630 2448 1746 2532; baseline 0.003 -20"><span class='ocrx_word' id='word_1_88' title='bbox 630 2469 637 2495; x_wconf 92' lang='lat'><em>¹</em></span> <span class='ocrx_word' id='word_1_89' title='bbox 657 2460 712 2512; x_wconf 86' lang='lat' dir='ltr'>Sur</span> <span class='ocrx_word' id='word_1_90' title='bbox 731 2461 758 2512; x_wconf 90' lang='lat' dir='ltr'>la</span> <span class='ocrx_word' id='word_1_91' title='bbox 777 2461 946 2528; x_wconf 89' lang='lat' dir='ltr'>disposition</span> <span class='ocrx_word' id='word_1_92' title='bbox 967 2462 1016 2514; x_wconf 86' lang='lat' dir='ltr'>des</span> <span class='ocrx_word' id='word_1_93' title='bbox 1038 2465 1247 2516; x_wconf 85' lang='lat' dir='ltr'>constructions</span> <span class='ocrx_word' id='word_1_94' title='bbox 1267 2463 1430 2525; x_wconf 87' lang='lat' dir='ltr'>abbatiales,</span> <span class='ocrx_word' id='word_1_95' title='bbox 1453 2479 1542 2532; x_wconf 91' lang='lat' dir='ltr'>voyez</span> <span class='ocrx_word' id='word_1_96' title='bbox 1563 2478 1630 2516; x_wconf 89' lang='lat' dir='ltr'>mon</span> <span class='ocrx_word' id='word_1_97' title='bbox 1652 2448 1746 2515; x_wconf 68' lang='lat' dir='ltr'>Etude</span> 
     </span>
     <span class='ocr_line' id='line_1_14' title="bbox 595 2557 797 2623; baseline 0 -17"><span class='ocrx_word' id='word_1_98' title='bbox 595 2557 716 2623; x_wconf 81' lang='lat' dir='ltr'>critique,</span> <span class='ocrx_word' id='word_1_99' title='bbox 730 2572 757 2623; x_wconf 93' lang='lat' dir='ltr'>p.</span> <span class='ocrx_word' id='word_1_100' title='bbox 772 2572 797 2618; x_wconf 83' lang='lat'>4.</span> 
     </span>
     <span class='ocr_line' id='line_1_15' title="bbox 628 2648 1742 2719; baseline 0.004 -21"><span class='ocrx_word' id='word_1_101' title='bbox 628 2656 637 2682; x_wconf 84' lang='lat'><strong>²</strong></span> <span class='ocrx_word' id='word_1_102' title='bbox 657 2648 740 2716; x_wconf 86' lang='lat' dir='ltr'>Signa</span> <span class='ocrx_word' id='word_1_103' title='bbox 752 2649 832 2700; x_wconf 88' lang='lat' dir='ltr'>l’acte</span> <span class='ocrx_word' id='word_1_104' title='bbox 844 2649 879 2700; x_wconf 94' lang='lat' dir='ltr'>de</span> <span class='ocrx_word' id='word_1_105' title='bbox 892 2648 1037 2701; x_wconf 76' lang='lat' dir='ltr'>fondation</span> <span class='ocrx_word' id='word_1_106' title='bbox 1049 2650 1085 2701; x_wconf 91' lang='lat' dir='ltr'>de</span> <span class='ocrx_word' id='word_1_107' title='bbox 1098 2648 1165 2700; x_wconf 84' lang='lat' dir='ltr'>Prix</span> <span class='ocrx_word' id='word_1_108' title='bbox 1177 2666 1213 2701; x_wconf 92' lang='lat' dir='ltr'>en</span> <span class='ocrx_word' id='word_1_109' title='bbox 1230 2651 1302 2703; x_wconf 91' lang='lat'><strong>1066.</strong></span> <span class='ocrx_word' id='word_1_110' title='bbox 1317 2651 1390 2719; x_wconf 81' lang='lat' dir='ltr'><strong>Voy.</strong></span> <span class='ocrx_word' id='word_1_111' title='bbox 1404 2651 1440 2702; x_wconf 82' lang='lat' dir='ltr'><strong>G.</strong></span> <span class='ocrx_word' id='word_1_112' title='bbox 1456 2650 1575 2715; x_wconf 71' lang='lat' dir='ltr'>liutem,</span> <span class='ocrx_word' id='word_1_113' title='bbox 1588 2667 1664 2703; x_wconf 79' lang='lat' dir='ltr'><strong>ouvr.</strong></span> <span class='ocrx_word' id='word_1_114' title='bbox 1677 2654 1742 2715; x_wconf 66' lang='lat' dir='ltr'>citt,</span> 
     </span>
     <span class='ocr_line' id='line_1_16' title="bbox 594 2743 1809 2814; baseline 0.004 -21"><span class='ocrx_word' id='word_1_115' title='bbox 594 2750 615 2793; x_wconf 88' lang='lat' dir='ltr'><strong>t.</strong></span> <span class='ocrx_word' id='word_1_116' title='bbox 630 2743 652 2805; x_wconf 86' lang='grc' dir='ltr'>Ι,</span> <span class='ocrx_word' id='word_1_117' title='bbox 666 2759 713 2809; x_wconf 93' lang='lat' dir='ltr'>pp.</span> <span class='ocrx_word' id='word_1_118' title='bbox 729 2757 760 2807; x_wconf 80' lang='lat'>²4</span> <span class='ocrx_word' id='word_1_119' title='bbox 772 2753 800 2795; x_wconf 89' lang='lat' dir='ltr'>ct</span> <span class='ocrx_word' id='word_1_120' title='bbox 812 2745 884 2796; x_wconf 82' lang='lat' dir='ltr'>suiv.</span> <span class='ocrx_word' id='word_1_121' title='bbox 1776 2762 1809 2814; x_wconf 86' lang='lat'>15</span> 
     </span>
     <span class='ocr_line' id='line_1_17' title="bbox 628 2835 1743 2908; baseline 0.01 -24"><span class='ocrx_word' id='word_1_122' title='bbox 628 2843 638 2881; x_wconf 88' lang='lat'>3</span> <span class='ocrx_word' id='word_1_123' title='bbox 658 2855 672 2884; x_wconf 75' lang='grc' dir='ltr'><strong><em>ι</em></strong></span> <span class='ocrx_word' id='word_1_124' title='bbox 685 2835 770 2888; x_wconf 87' lang='lat' dir='ltr'>Selon</span> <span class='ocrx_word' id='word_1_125' title='bbox 789 2837 815 2888; x_wconf 90' lang='lat' dir='ltr'>le</span> <span class='ocrx_word' id='word_1_126' title='bbox 834 2837 865 2888; x_wconf 91' lang='lat' dir='ltr'>P.</span> <span class='ocrx_word' id='word_1_127' title='bbox 880 2838 1014 2901; x_wconf 82' lang='lat' dir='ltr'>Goffinet,</span> <span class='ocrx_word' id='word_1_128' title='bbox 1032 2838 1182 2908; x_wconf 80' lang='lat' dir='ltr'>Lietgarde</span> <span class='ocrx_word' id='word_1_129' title='bbox 1199 2841 1289 2891; x_wconf 86' lang='lat' dir='ltr'>aurait</span> <span class='ocrx_word' id='word_1_130' title='bbox 1301 2840 1346 2892; x_wconf 84' lang='lat' dir='ltr'>ete&#39;</span> <span class='ocrx_word' id='word_1_131' title='bbox 1359 2841 1385 2891; x_wconf 93' lang='lat' dir='ltr'>la</span> <span class='ocrx_word' id='word_1_132' title='bbox 1396 2840 1572 2908; x_wconf 85' lang='lat' dir='ltr'>grand&#39;tante</span> <span class='ocrx_word' id='word_1_133' title='bbox 1583 2840 1743 2908; x_wconf 85' lang='lat' dir='ltr'>d&#39;Arnoul;</span> 
     </span>
     <span class='ocr_line' id='line_1_18' title="bbox 594 2913 1744 3004; baseline 0.008 -21"><span class='ocrx_word' id='word_1_134' title='bbox 594 2933 614 2983; x_wconf 95' lang='lat' dir='ltr'>il</span> <span class='ocrx_word' id='word_1_135' title='bbox 626 2934 803 2985; x_wconf 85' lang='lat' dir='ltr'>s&#39;ensuivrait</span> <span class='ocrx_word' id='word_1_136' title='bbox 815 2950 870 3002; x_wconf 90' lang='lat' dir='ltr'>que</span> <span class='ocrx_word' id='word_1_137' title='bbox 883 2934 924 2985; x_wconf 91' lang='lat' dir='ltr'>les</span> <span class='ocrx_word' id='word_1_138' title='bbox 937 2934 980 2985; x_wconf 88' lang='lat' dir='ltr'>fils</span> <span class='ocrx_word' id='word_1_139' title='bbox 992 2936 1027 2986; x_wconf 86' lang='lat' dir='ltr'>de</span> <span class='ocrx_word' id='word_1_140' title='bbox 1040 2913 1190 3004; x_wconf 81' lang='lat' dir='ltr'>Lietgarde</span> <span class='ocrx_word' id='word_1_141' title='bbox 1202 2937 1328 2987; x_wconf 88' lang='lat' dir='ltr'>auraient</span> <span class='ocrx_word' id='word_1_142' title='bbox 1345 2936 1390 2988; x_wconf 78' lang='lat' dir='ltr'>ete</span> <span class='ocrx_word' id='word_1_143' title='bbox 1407 2936 1449 2988; x_wconf 89' lang='lat' dir='ltr'>les</span> <span class='ocrx_word' id='word_1_144' title='bbox 1465 2937 1560 2989; x_wconf 91' lang='lat' dir='ltr'>oncles</span> <span class='ocrx_word' id='word_1_145' title='bbox 1571 2935 1714 2991; x_wconf 84' lang='lat' dir='ltr'>d&#39;Amoul</span> <span class='ocrx_word' id='word_1_146' title='bbox 1727 2942 1744 2992; x_wconf 71' lang='lat' dir='ltr'>a</span> 
     </span>
    </p>
   </div>
   <div class='ocr_carea' id='block_1_5' title="bbox 588 3028 1804 4909">
    <p class='ocr_par' dir='ltr' id='par_1_5' title="bbox 588 3028 1804 4054">
     <span class='ocr_line' id='line_1_19' title="bbox 593 3028 1742 3102; baseline 0.006 -21"><span class='ocrx_word' id='word_1_147' title='bbox 593 3028 619 3081; x_wconf 92' lang='lat' dir='ltr'>la</span> <span class='ocrx_word' id='word_1_148' title='bbox 639 3029 722 3082; x_wconf 89' lang='lat' dir='ltr'>mode</span> <span class='ocrx_word' id='word_1_149' title='bbox 740 3030 775 3082; x_wconf 84' lang='lat' dir='ltr'>de</span> <span class='ocrx_word' id='word_1_150' title='bbox 794 3030 942 3100; x_wconf 86' lang='lat' dir='ltr'>Bretagne‚</span> <span class='ocrx_word' id='word_1_151' title='bbox 961 3040 989 3083; x_wconf 89' lang='lat' dir='ltr'>et</span> <span class='ocrx_word' id='word_1_152' title='bbox 1008 3031 1075 3085; x_wconf 87' lang='lat' dir='ltr'>c’est</span> <span class='ocrx_word' id='word_1_153' title='bbox 1092 3041 1166 3085; x_wconf 87' lang='lat' dir='ltr'>cette</span> <span class='ocrx_word' id='word_1_154' title='bbox 1185 3032 1301 3100; x_wconf 79' lang='lat' dir='ltr'>parente</span> <span class='ocrx_word' id='word_1_155' title='bbox 1322 3049 1377 3101; x_wconf 92' lang='lat' dir='ltr'>que</span> <span class='ocrx_word' id='word_1_156' title='bbox 1395 3042 1478 3086; x_wconf 88' lang='lat' dir='ltr'>notre</span> <span class='ocrx_word' id='word_1_157' title='bbox 1496 3040 1608 3097; x_wconf 83' lang='lat' dir='ltr'>auteur,</span> <span class='ocrx_word' id='word_1_158' title='bbox 1629 3049 1681 3102; x_wconf 80' lang='lat' dir='ltr'>pur</span> <span class='ocrx_word' id='word_1_159' title='bbox 1700 3051 1742 3089; x_wconf 89' lang='lat' dir='ltr'>un</span> 
     </span>
     <span class='ocr_line' id='line_1_20' title="bbox 593 3126 1741 3194; baseline 0.005 -18"><span class='ocrx_word' id='word_1_160' title='bbox 593 3140 677 3194; x_wconf 84' lang='lat' dir='ltr'>usage</span> <span class='ocrx_word' id='word_1_161' title='bbox 689 3126 759 3178; x_wconf 86' lang='lat' dir='ltr'>dont</span> <span class='ocrx_word' id='word_1_162' title='bbox 769 3126 797 3193; x_wconf 84' lang='lat' dir='ltr'>je</span> <span class='ocrx_word' id='word_1_163' title='bbox 809 3141 845 3177; x_wconf 91' lang='lat' dir='ltr'>ne</span> <span class='ocrx_word' id='word_1_164' title='bbox 858 3128 972 3179; x_wconf 85' lang='lat' dir='ltr'>connais</span> <span class='ocrx_word' id='word_1_165' title='bbox 984 3142 1033 3194; x_wconf 90' lang='lat' dir='ltr'>pas</span> <span class='ocrx_word' id='word_1_166' title='bbox 1044 3127 1167 3178; x_wconf 85' lang='lat' dir='ltr'>d&#39;autres</span> <span class='ocrx_word' id='word_1_167' title='bbox 1176 3127 1330 3194; x_wconf 87' lang='lat' dir='ltr'>exemples,</span> <span class='ocrx_word' id='word_1_168' title='bbox 1342 3128 1446 3179; x_wconf 88' lang='lat' dir='ltr'>traduit</span> <span class='ocrx_word' id='word_1_169' title='bbox 1456 3143 1506 3194; x_wconf 87' lang='lat' dir='ltr'>par</span> <span class='ocrx_word' id='word_1_170' title='bbox 1515 3135 1626 3193; x_wconf 79' lang='lat' dir='ltr'>nepotes.</span> <span class='ocrx_word' id='word_1_171' title='bbox 1634 3147 1649 3176; x_wconf 83' lang='lat'><strong>»</strong></span> <span class='ocrx_word' id='word_1_172' title='bbox 1661 3127 1741 3183; x_wconf 83' lang='lat' dir='ltr'>Note</span> 
     </span>
     <span class='ocr_line' id='line_1_21' title="bbox 591 3220 1804 3290; baseline 0.005 -18"><span class='ocrx_word' id='word_1_173' title='bbox 591 3221 628 3273; x_wconf 90' lang='lat' dir='ltr'>de</span> <span class='ocrx_word' id='word_1_174' title='bbox 639 3220 676 3273; x_wconf 89' lang='lat' dir='ltr'>G.</span> <span class='ocrx_word' id='word_1_175' title='bbox 692 3220 810 3284; x_wconf 72' lang='lat' dir='ltr'>Konna,</span> <span class='ocrx_word' id='word_1_176' title='bbox 823 3238 899 3275; x_wconf 83' lang='lat' dir='ltr'><strong>ouvr.</strong></span> <span class='ocrx_word' id='word_1_177' title='bbox 913 3224 972 3288; x_wconf 63' lang='lat' dir='ltr'>citi,</span> <span class='ocrx_word' id='word_1_178' title='bbox 987 3231 1007 3274; x_wconf 88' lang='lat' dir='ltr'><strong>t.</strong></span> <span class='ocrx_word' id='word_1_179' title='bbox 1022 3223 1043 3285; x_wconf 87' lang='grc' dir='ltr'>Ι,</span> <span class='ocrx_word' id='word_1_180' title='bbox 1057 3239 1085 3290; x_wconf 92' lang='lat' dir='ltr'>p.</span> <span class='ocrx_word' id='word_1_181' title='bbox 1100 3236 1142 3286; x_wconf 81' lang='lat'>31,</span> <span class='ocrx_word' id='word_1_182' title='bbox 1155 3230 1223 3274; x_wconf 87' lang='lat' dir='ltr'>note</span> <span class='ocrx_word' id='word_1_183' title='bbox 1239 3239 1260 3277; x_wconf 88' lang='lat'>1.</span> <span class='ocrx_word' id='word_1_184' title='bbox 1766 3240 1804 3278; x_wconf 88' lang='lat'>20</span> 
     </span>
     <span class='ocr_line' id='line_1_22' title="bbox 624 3299 1739 3384; baseline 0.004 -17"><span class='ocrx_word' id='word_1_185' title='bbox 624 3324 637 3360; x_wconf 72' lang='lat'>⁴</span> <span class='ocrx_word' id='word_1_186' title='bbox 654 3316 680 3367; x_wconf 90' lang='lat' dir='ltr'><strong>A</strong></span> <span class='ocrx_word' id='word_1_187' title='bbox 694 3299 865 3384; x_wconf 82' lang='lat' dir='ltr'>rapprocher</span> <span class='ocrx_word' id='word_1_188' title='bbox 873 3318 910 3369; x_wconf 92' lang='lat' dir='ltr'>du</span> <span class='ocrx_word' id='word_1_189' title='bbox 923 3317 1044 3368; x_wconf 81' lang='lat' dir='ltr'>Nomina</span> <span class='ocrx_word' id='word_1_190' title='bbox 1056 3316 1251 3380; x_wconf 77' lang='lat' dir='ltr'>benefactorum</span> <span class='ocrx_word' id='word_1_191' title='bbox 1264 3318 1318 3384; x_wconf 82' lang='lat' dir='ltr'>(nn</span> <span class='ocrx_word' id='word_1_192' title='bbox 1330 3317 1551 3380; x_wconf 63' lang='lat' dir='ltr'>Ramnenses,</span> <span class='ocrx_word' id='word_1_193' title='bbox 1562 3318 1739 3371; x_wconf 76' lang='lat' dir='ltr'>Monuments</span> 
     </span>
     <span class='ocr_line' id='line_1_23' title="bbox 588 3411 1737 3482; baseline 0.004 -21"><span class='ocrx_word' id='word_1_194' title='bbox 588 3416 658 3481; x_wconf 78' lang='lat' dir='ltr'>pour</span> <span class='ocrx_word' id='word_1_195' title='bbox 675 3413 760 3461; x_wconf 78' lang='lat' dir='ltr'>servir</span> <span class='ocrx_word' id='word_1_196' title='bbox 777 3415 792 3461; x_wconf 74' lang='grc' dir='ltr'><em>ὰ</em></span> <span class='ocrx_word' id='word_1_197' title='bbox 811 3411 938 3462; x_wconf 75' lang='lat' dir='ltr'>l&#39;ltistoire</span> <span class='ocrx_word' id='word_1_198' title='bbox 955 3413 997 3462; x_wconf 84' lang='lat' dir='ltr'>des</span> <span class='ocrx_word' id='word_1_199' title='bbox 1011 3414 1150 3482; x_wconf 82' lang='lat' dir='ltr'>provinces</span> <span class='ocrx_word' id='word_1_200' title='bbox 1166 3413 1197 3462; x_wconf 85' lang='lat' dir='ltr'>de</span> <span class='ocrx_word' id='word_1_201' title='bbox 1214 3412 1335 3468; x_wconf 80' lang='lat' dir='ltr'><strong>Namur.</strong></span> <span class='ocrx_word' id='word_1_202' title='bbox 1350 3414 1381 3463; x_wconf 85' lang='lat' dir='ltr'>de</span> <span class='ocrx_word' id='word_1_203' title='bbox 1392 3413 1521 3464; x_wconf 79' lang='lat' dir='ltr'>Hainaut</span> <span class='ocrx_word' id='word_1_204' title='bbox 1535 3421 1560 3465; x_wconf 80' lang='lat' dir='ltr'>et</span> <span class='ocrx_word' id='word_1_205' title='bbox 1575 3415 1606 3464; x_wconf 83' lang='lat' dir='ltr'>de</span> <span class='ocrx_word' id='word_1_206' title='bbox 1617 3414 1737 3467; x_wconf 68' lang='lat' dir='ltr'>Lucem·</span> 
     </span>
     <span class='ocr_line' id='line_1_24' title="bbox 590 3506 1738 3579; baseline 0.004 -22"><span class='ocrx_word' id='word_1_207' title='bbox 590 3506 681 3574; x_wconf 81' lang='lat' dir='ltr'>bourg,</span> <span class='ocrx_word' id='word_1_208' title='bbox 697 3516 718 3557; x_wconf 79' lang='lat' dir='ltr'><strong>t.</strong></span> <span class='ocrx_word' id='word_1_209' title='bbox 731 3507 809 3568; x_wconf 91' lang='lat' dir='ltr'>Vlll,</span> <span class='ocrx_word' id='word_1_210' title='bbox 824 3522 852 3573; x_wconf 90' lang='lat' dir='ltr'>p.</span> <span class='ocrx_word' id='word_1_211' title='bbox 864 3511 910 3573; x_wconf 84' lang='grc'>59)</span> <span class='ocrx_word' id='word_1_212' title='bbox 921 3522 928 3558; x_wconf 78' lang='lat' dir='ltr'>t</span> <span class='ocrx_word' id='word_1_213' title='bbox 943 3507 999 3558; x_wconf 84' lang='lat' dir='ltr'>Pro</span> <span class='ocrx_word' id='word_1_214' title='bbox 1010 3508 1130 3559; x_wconf 82' lang='lat' dir='ltr'>Ricuino</span> <span class='ocrx_word' id='word_1_215' title='bbox 1141 3509 1278 3573; x_wconf 74' lang='lat' dir='ltr'>interfecto</span> <span class='ocrx_word' id='word_1_216' title='bbox 1291 3508 1417 3559; x_wconf 82' lang='lat' dir='ltr'>hahemus</span> <span class='ocrx_word' id='word_1_217' title='bbox 1427 3508 1556 3561; x_wconf 83' lang='lat' dir='ltr'>allodium</span> <span class='ocrx_word' id='word_1_218' title='bbox 1568 3511 1600 3561; x_wconf 84' lang='lat' dir='ltr'>de</span> <span class='ocrx_word' id='word_1_219' title='bbox 1609 3510 1702 3579; x_wconf 80' lang='lat' dir='ltr'><em>Linay</em></span> <span class='ocrx_word' id='word_1_220' title='bbox 1713 3520 1738 3562; x_wconf 76' lang='lat' dir='ltr'>et</span> 
     </span>
     <span class='ocr_line' id='line_1_25' title="bbox 590 3601 1736 3673; baseline 0.005 -21"><span class='ocrx_word' id='word_1_221' title='bbox 590 3603 659 3671; x_wconf 84' lang='lat' dir='ltr'>quod</span> <span class='ocrx_word' id='word_1_222' title='bbox 674 3601 781 3653; x_wconf 78' lang='lat' dir='ltr'>habebat</span> <span class='ocrx_word' id='word_1_223' title='bbox 798 3604 826 3653; x_wconf 82' lang='lat' dir='ltr'>in</span> <span class='ocrx_word' id='word_1_224' title='bbox 846 3602 994 3653; x_wconf 84' lang='lat' dir='ltr'>molendino</span> <span class='ocrx_word' id='word_1_225' title='bbox 1010 3620 1072 3653; x_wconf 85' lang='lat' dir='ltr'>cum</span> <span class='ocrx_word' id='word_1_226' title='bbox 1090 3612 1142 3654; x_wconf 76' lang='lat' dir='ltr'>loia</span> <span class='ocrx_word' id='word_1_227' title='bbox 1157 3603 1276 3666; x_wconf 76' lang='lat' dir='ltr'>familia.</span> <span class='ocrx_word' id='word_1_228' title='bbox 1299 3602 1353 3655; x_wconf 88' lang='lat' dir='ltr'>Sur</span> <span class='ocrx_word' id='word_1_229' title='bbox 1366 3603 1469 3656; x_wconf 87' lang='lat' dir='ltr'>Ricuin</span> <span class='ocrx_word' id='word_1_230' title='bbox 1487 3614 1515 3656; x_wconf 85' lang='lat' dir='ltr'>et</span> <span class='ocrx_word' id='word_1_231' title='bbox 1532 3619 1582 3657; x_wconf 89' lang='lat' dir='ltr'>sur</span> <span class='ocrx_word' id='word_1_232' title='bbox 1596 3619 1648 3657; x_wconf 88' lang='lat' dir='ltr'>son</span> <span class='ocrx_word' id='word_1_233' title='bbox 1667 3609 1736 3673; x_wconf 77' lang='lat' dir='ltr'>pere</span> 
     </span>
     <span class='ocr_line' id='line_1_26' title="bbox 591 3696 1798 3769; baseline 0.003 -20"><span class='ocrx_word' id='word_1_234' title='bbox 591 3696 744 3760; x_wconf 88' lang='lat' dir='ltr'>Richezon,</span> <span class='ocrx_word' id='word_1_235' title='bbox 765 3707 839 3750; x_wconf 84' lang='lat' dir='ltr'>mort</span> <span class='ocrx_word' id='word_1_236' title='bbox 857 3698 896 3750; x_wconf 90' lang='lat' dir='ltr'>lui</span> <span class='ocrx_word' id='word_1_237' title='bbox 912 3701 987 3750; x_wconf 87' lang='lat' dir='ltr'>aussi</span> <span class='ocrx_word' id='word_1_238' title='bbox 1005 3700 1222 3767; x_wconf 86' lang='lat' dir='ltr'>tragiquement‚</span> <span class='ocrx_word' id='word_1_239' title='bbox 1241 3714 1306 3767; x_wconf 88' lang='lat' dir='ltr'><strong>voy.</strong></span> <span class='ocrx_word' id='word_1_240' title='bbox 1325 3699 1361 3752; x_wconf 93' lang='lat' dir='ltr'>G.</span> <span class='ocrx_word' id='word_1_241' title='bbox 1377 3699 1496 3762; x_wconf 77' lang='lat' dir='ltr'>Kunrn,</span> <span class='ocrx_word' id='word_1_242' title='bbox 1513 3717 1589 3754; x_wconf 77' lang='lat' dir='ltr'>onor.</span> <span class='ocrx_word' id='word_1_243' title='bbox 1601 3702 1661 3763; x_wconf 67' lang='lat' dir='ltr'>cite,</span> <span class='ocrx_word' id='word_1_244' title='bbox 1674 3710 1695 3755; x_wconf 88' lang='lat' dir='ltr'><strong>t.</strong></span> <span class='ocrx_word' id='word_1_245' title='bbox 1710 3701 1732 3765; x_wconf 84' lang='lat'>1,</span> <span class='ocrx_word' id='word_1_246' title='bbox 1761 3717 1798 3769; x_wconf 85' lang='lat'>²5</span> 
     </span>
     <span class='ocr_line' id='line_1_27' title="bbox 591 3793 1735 3861; baseline 0.005 -18"><span class='ocrx_word' id='word_1_247' title='bbox 591 3810 618 3860; x_wconf 88' lang='lat' dir='ltr'>p.</span> <span class='ocrx_word' id='word_1_248' title='bbox 645 3808 686 3856; x_wconf 82' lang='lat'>31,</span> <span class='ocrx_word' id='word_1_249' title='bbox 711 3810 738 3846; x_wconf 93' lang='lat' dir='ltr'><strong>n.</strong></span> <span class='ocrx_word' id='word_1_250' title='bbox 764 3809 792 3855; x_wconf 86' lang='lat'>4:</span> <span class='ocrx_word' id='word_1_251' title='bbox 820 3793 1054 3853; x_wconf 81' lang='lat' dir='ltr'>l&#39;identification,</span> <span class='ocrx_word' id='word_1_252' title='bbox 1077 3795 1217 3861; x_wconf 82' lang='lat' dir='ltr'>proposee</span> <span class='ocrx_word' id='word_1_253' title='bbox 1241 3810 1291 3861; x_wconf 88' lang='lat' dir='ltr'>par</span> <span class='ocrx_word' id='word_1_254' title='bbox 1313 3794 1347 3847; x_wconf 88' lang='lat' dir='ltr'>C.</span> <span class='ocrx_word' id='word_1_255' title='bbox 1372 3794 1493 3857; x_wconf 85' lang='lat' dir='ltr'>Roland,</span> <span class='ocrx_word' id='word_1_256' title='bbox 1521 3796 1556 3848; x_wconf 94' lang='lat' dir='ltr'>de</span> <span class='ocrx_word' id='word_1_257' title='bbox 1579 3794 1684 3848; x_wconf 90' lang='lat' dir='ltr'>Ricuin</span> <span class='ocrx_word' id='word_1_258' title='bbox 1706 3805 1735 3849; x_wconf 83' lang='lat' dir='ltr'>et</span> 
     </span>
     <span class='ocr_line' id='line_1_28' title="bbox 591 3886 1736 3960; baseline 0.006 -22"><span class='ocrx_word' id='word_1_259' title='bbox 591 3886 745 3949; x_wconf 79' lang='lat' dir='ltr'>Richezon‚</span> <span class='ocrx_word' id='word_1_260' title='bbox 762 3897 805 3939; x_wconf 83' lang='lat' dir='ltr'>cst</span> <span class='ocrx_word' id='word_1_261' title='bbox 820 3889 974 3953; x_wconf 84' lang='lat' dir='ltr'>justenient</span> <span class='ocrx_word' id='word_1_262' title='bbox 993 3890 1144 3956; x_wconf 76' lang='lat' dir='ltr'>repoussee</span> <span class='ocrx_word' id='word_1_263' title='bbox 1160 3905 1211 3957; x_wconf 87' lang='lat' dir='ltr'>par</span> <span class='ocrx_word' id='word_1_264' title='bbox 1229 3889 1265 3940; x_wconf 90' lang='lat' dir='ltr'>G.</span> <span class='ocrx_word' id='word_1_265' title='bbox 1286 3890 1380 3942; x_wconf 83' lang='lat' dir='ltr'>Kurth</span> <span class='ocrx_word' id='word_1_266' title='bbox 1399 3907 1406 3942; x_wconf 93' lang='lat'><strong>:</strong></span> <span class='ocrx_word' id='word_1_267' title='bbox 1424 3890 1451 3942; x_wconf 89' lang='lat' dir='ltr'>le</span> <span class='ocrx_word' id='word_1_268' title='bbox 1469 3906 1583 3960; x_wconf 84' lang='lat' dir='ltr'>passage</span> <span class='ocrx_word' id='word_1_269' title='bbox 1600 3891 1736 3946; x_wconf 81' lang='lat' dir='ltr'>ci-deseus</span> 
     </span>
     <span class='ocr_line' id='line_1_29' title="bbox 592 3983 1427 4054; baseline 0.004 -19"><span class='ocrx_word' id='word_1_270' title='bbox 592 3983 668 4035; x_wconf 82' lang='lat' dir='ltr'>suffit</span> <span class='ocrx_word' id='word_1_271' title='bbox 680 3986 695 4033; x_wconf 77' lang='lat' dir='ltr'>a</span> <span class='ocrx_word' id='word_1_272' title='bbox 708 3983 810 4034; x_wconf 72' lang='lat' dir='ltr'>etablir</span> <span class='ocrx_word' id='word_1_273' title='bbox 822 3984 847 4034; x_wconf 91' lang='lat' dir='ltr'>la</span> <span class='ocrx_word' id='word_1_274' title='bbox 859 3984 1023 4036; x_wconf 76' lang='lat' dir='ltr'>distinction</span> <span class='ocrx_word' id='word_1_275' title='bbox 1036 3986 1071 4036; x_wconf 88' lang='lat' dir='ltr'>de</span> <span class='ocrx_word' id='word_1_276' title='bbox 1083 4000 1129 4035; x_wconf 86' lang='lat' dir='ltr'>ces</span> <span class='ocrx_word' id='word_1_277' title='bbox 1141 3986 1216 4036; x_wconf 84' lang='lat' dir='ltr'>deux</span> <span class='ocrx_word' id='word_1_278' title='bbox 1229 4001 1427 4054; x_wconf 83' lang='lat' dir='ltr'>personnages.</span> 
     </span>
    </p>

    <p class='ocr_par' dir='ltr' id='par_1_6' title="bbox 591 4076 1804 4909">
     <span class='ocr_line' id='line_1_30' title="bbox 628 4076 1737 4147; baseline 0.005 -19"><span class='ocrx_word' id='word_1_279' title='bbox 628 4083 637 4121; x_wconf 80' lang='grc'>5</span> <span class='ocrx_word' id='word_1_280' title='bbox 657 4076 828 4139; x_wconf 70' lang='lat' dir='ltr'>Heribrand,</span> <span class='ocrx_word' id='word_1_281' title='bbox 842 4079 981 4129; x_wconf 68' lang='lat' dir='ltr'>chatelain</span> <span class='ocrx_word' id='word_1_282' title='bbox 993 4080 1028 4130; x_wconf 88' lang='lat' dir='ltr'>de</span> <span class='ocrx_word' id='word_1_283' title='bbox 1042 4078 1185 4144; x_wconf 85' lang='lat' dir='ltr'>Bouillon,</span> <span class='ocrx_word' id='word_1_284' title='bbox 1196 4087 1238 4130; x_wconf 90' lang='lat' dir='ltr'>est</span> <span class='ocrx_word' id='word_1_285' title='bbox 1250 4080 1305 4131; x_wconf 77' lang='lat' dir='ltr'>cite</span> <span class='ocrx_word' id='word_1_286' title='bbox 1317 4080 1458 4147; x_wconf 82' lang='lat' dir='ltr'>plusieurs</span> <span class='ocrx_word' id='word_1_287' title='bbox 1470 4080 1523 4134; x_wconf 80' lang='lat' dir='ltr'>lois</span> <span class='ocrx_word' id='word_1_288' title='bbox 1531 4082 1600 4133; x_wconf 90' lang='lat' dir='ltr'>dans</span> <span class='ocrx_word' id='word_1_289' title='bbox 1612 4082 1638 4134; x_wconf 83' lang='lat' dir='ltr'>la</span> <span class='ocrx_word' id='word_1_290' title='bbox 1653 4081 1737 4134; x_wconf 75' lang='lat' dir='ltr'>Chro-</span> 
     </span>
     <span class='ocr_line' id='line_1_31' title="bbox 593 4172 1804 4246; baseline 0.006 -24"><span class='ocrx_word' id='word_1_291' title='bbox 593 4174 680 4240; x_wconf 83' lang='lat' dir='ltr'>m&#39;que‚</span> <span class='ocrx_word' id='word_1_292' title='bbox 698 4188 739 4226; x_wconf 87' lang='lat' dir='ltr'>cc.</span> <span class='ocrx_word' id='word_1_293' title='bbox 758 4186 798 4234; x_wconf 87' lang='lat'>20,</span> <span class='ocrx_word' id='word_1_294' title='bbox 817 4172 1005 4240; x_wconf 77' lang='lat' dir='ltr'>(llcrihrondo</span> <span class='ocrx_word' id='word_1_295' title='bbox 1020 4175 1122 4224; x_wconf 79' lang='lat' dir='ltr'>seniore</span> <span class='ocrx_word' id='word_1_296' title='bbox 1139 4174 1289 4238; x_wconf 81' lang='lat' dir='ltr'>castellano,</span> <span class='ocrx_word' id='word_1_297' title='bbox 1306 4190 1355 4226; x_wconf 89' lang='lat' dir='ltr'>sur</span> <span class='ocrx_word' id='word_1_298' title='bbox 1372 4190 1404 4226; x_wconf 89' lang='lat' dir='ltr'>ce</span> <span class='ocrx_word' id='word_1_299' title='bbox 1421 4174 1594 4242; x_wconf 84' lang='lat' dir='ltr'>qualificatii,</span> <span class='ocrx_word' id='word_1_300' title='bbox 1612 4190 1680 4244; x_wconf 81' lang='lat' dir='ltr'><strong>voy.</strong></span> <span class='ocrx_word' id='word_1_301' title='bbox 1698 4177 1736 4229; x_wconf 91' lang='lat' dir='ltr'>ci·</span> <span class='ocrx_word' id='word_1_302' title='bbox 1765 4196 1804 4246; x_wconf 79' lang='lat'>30</span> 
     </span>
     <span class='ocr_line' id='line_1_32' title="bbox 592 4269 1737 4336; baseline 0.003 -17"><span class='ocrx_word' id='word_1_303' title='bbox 592 4269 718 4329; x_wconf 84' lang='lat' dir='ltr'>dessous,</span> <span class='ocrx_word' id='word_1_304' title='bbox 732 4284 756 4319; x_wconf 88' lang='lat' dir='ltr'><strong>c.</strong></span> <span class='ocrx_word' id='word_1_305' title='bbox 771 4269 827 4334; x_wconf 90' lang='grc' dir='ltr'>2ο),</span> <span class='ocrx_word' id='word_1_306' title='bbox 843 4283 884 4333; x_wconf 77' lang='lat'>23,</span> <span class='ocrx_word' id='word_1_307' title='bbox 899 4282 929 4330; x_wconf 64' lang='grc'>22</span> <span class='ocrx_word' id='word_1_308' title='bbox 937 4286 944 4328; x_wconf 88' lang='grc'>,·</span> <span class='ocrx_word' id='word_1_309' title='bbox 959 4269 978 4320; x_wconf 91' lang='lat' dir='ltr'>il</span> <span class='ocrx_word' id='word_1_310' title='bbox 991 4271 1117 4336; x_wconf 85' lang='lat' dir='ltr'>apparait</span> <span class='ocrx_word' id='word_1_311' title='bbox 1128 4270 1198 4321; x_wconf 84' lang='lat' dir='ltr'>dans</span> <span class='ocrx_word' id='word_1_312' title='bbox 1211 4285 1265 4320; x_wconf 86' lang='lat' dir='ltr'>unc</span> <span class='ocrx_word' id='word_1_313' title='bbox 1278 4272 1374 4322; x_wconf 87' lang='lat' dir='ltr'>charte</span> <span class='ocrx_word' id='word_1_314' title='bbox 1386 4271 1421 4322; x_wconf 88' lang='lat' dir='ltr'>de</span> <span class='ocrx_word' id='word_1_315' title='bbox 1433 4270 1588 4323; x_wconf 87' lang='lat' dir='ltr'>Godelroid</span> <span class='ocrx_word' id='word_1_316' title='bbox 1601 4270 1628 4323; x_wconf 89' lang='lat' dir='ltr'>le</span> <span class='ocrx_word' id='word_1_317' title='bbox 1640 4270 1737 4324; x_wconf 73' lang='lat' dir='ltr'>Burbu</span> 
     </span>
     <span class='ocr_line' id='line_1_33' title="bbox 595 4362 1740 4432; baseline 0.004 -19"><span class='ocrx_word' id='word_1_318' title='bbox 595 4378 667 4429; x_wconf 88' lang='lat' dir='ltr'>pour</span> <span class='ocrx_word' id='word_1_319' title='bbox 680 4363 702 4413; x_wconf 87' lang='lat' dir='ltr'>F</span> <span class='ocrx_word' id='word_1_320' title='bbox 704 4362 845 4422; x_wconf 81' lang='lat' dir='ltr'>lorennes,</span> <span class='ocrx_word' id='word_1_321' title='bbox 859 4380 894 4414; x_wconf 82' lang='lat' dir='ltr'>en</span> <span class='ocrx_word' id='word_1_322' title='bbox 912 4377 982 4429; x_wconf 79' lang='lat'>¹055·</span> <span class='ocrx_word' id='word_1_323' title='bbox 997 4364 1069 4432; x_wconf 79' lang='lat' dir='ltr'><strong>Voy.</strong></span> <span class='ocrx_word' id='word_1_324' title='bbox 1083 4363 1120 4416; x_wconf 88' lang='lat' dir='ltr'>G.</span> <span class='ocrx_word' id='word_1_325' title='bbox 1136 4364 1254 4425; x_wconf 73' lang='lat' dir='ltr'>Kouni,</span> <span class='ocrx_word' id='word_1_326' title='bbox 1268 4381 1341 4414; x_wconf 84' lang='lat' dir='ltr'>ouor.</span> <span class='ocrx_word' id='word_1_327' title='bbox 1354 4368 1412 4426; x_wconf 67' lang='lat' dir='ltr'>cilo,</span> <span class='ocrx_word' id='word_1_328' title='bbox 1429 4374 1448 4415; x_wconf 85' lang='lat' dir='ltr'><strong>t.</strong></span> <span class='ocrx_word' id='word_1_329' title='bbox 1459 4364 1481 4425; x_wconf 88' lang='grc' dir='ltr'>Ι,</span> <span class='ocrx_word' id='word_1_330' title='bbox 1496 4380 1524 4431; x_wconf 92' lang='lat' dir='ltr'>p.</span> <span class='ocrx_word' id='word_1_331' title='bbox 1538 4378 1579 4428; x_wconf 85' lang='lat'>31,</span> <span class='ocrx_word' id='word_1_332' title='bbox 1593 4374 1661 4418; x_wconf 88' lang='lat' dir='ltr'>note</span> <span class='ocrx_word' id='word_1_333' title='bbox 1674 4379 1699 4419; x_wconf 86' lang='lat'>2.</span> <span class='ocrx_word' id='word_1_334' title='bbox 1715 4365 1740 4418; x_wconf 94' lang='lat' dir='ltr'>ll</span> 
     </span>
     <span class='ocr_line' id='line_1_34' title="bbox 595 4458 1739 4528; baseline 0.004 -20"><span class='ocrx_word' id='word_1_335' title='bbox 595 4458 683 4527; x_wconf 82' lang='lat' dir='ltr'>figure</span> <span class='ocrx_word' id='word_1_336' title='bbox 705 4460 861 4528; x_wconf 64' lang='lat' dir='ltr'>&amp;galement</span> <span class='ocrx_word' id='word_1_337' title='bbox 885 4475 995 4510; x_wconf 87' lang='lat' dir='ltr'>comme</span> <span class='ocrx_word' id='word_1_338' title='bbox 1020 4461 1127 4512; x_wconf 71' lang='lat' dir='ltr'>tcmoin</span> <span class='ocrx_word' id='word_1_339' title='bbox 1150 4459 1342 4528; x_wconf 76' lang='lat' dir='ltr'>(Hellronnus</span> <span class='ocrx_word' id='word_1_340' title='bbox 1367 4460 1541 4524; x_wconf 78' lang='lat' dir='ltr'>castellanus)</span> <span class='ocrx_word' id='word_1_341' title='bbox 1565 4462 1581 4511; x_wconf 74' lang='lat' dir='ltr'>a</span> <span class='ocrx_word' id='word_1_342' title='bbox 1601 4459 1682 4513; x_wconf 85' lang='lat' dir='ltr'>l’acte</span> <span class='ocrx_word' id='word_1_343' title='bbox 1702 4462 1739 4513; x_wconf 87' lang='lat' dir='ltr'>de</span> 
     </span>
     <span class='ocr_line' id='line_1_35' title="bbox 594 4552 1736 4619; baseline 0.003 -15"><span class='ocrx_word' id='word_1_344' title='bbox 594 4552 749 4605; x_wconf 85' lang='lat' dir='ltr'>Godelroid</span> <span class='ocrx_word' id='word_1_345' title='bbox 760 4554 786 4604; x_wconf 86' lang='lat' dir='ltr'>le</span> <span class='ocrx_word' id='word_1_346' title='bbox 795 4553 887 4604; x_wconf 84' lang='lat' dir='ltr'>Barbu</span> <span class='ocrx_word' id='word_1_347' title='bbox 899 4562 926 4604; x_wconf 83' lang='lat' dir='ltr'>et</span> <span class='ocrx_word' id='word_1_348' title='bbox 938 4553 1061 4616; x_wconf 84' lang='lat' dir='ltr'>Be&#39;atrix,</span> <span class='ocrx_word' id='word_1_349' title='bbox 1072 4555 1136 4606; x_wconf 79' lang='lat' dir='ltr'>date</span> <span class='ocrx_word' id='word_1_350' title='bbox 1145 4555 1180 4606; x_wconf 88' lang='lat' dir='ltr'>dc</span> <span class='ocrx_word' id='word_1_351' title='bbox 1191 4554 1324 4607; x_wconf 89' lang='lat' dir='ltr'>Bouillon</span> <span class='ocrx_word' id='word_1_352' title='bbox 1337 4553 1736 4619; x_wconf 68' lang='lat' dir='ltr'>1069,Mln.eusetF01³1²1ttts,</span> 
     </span>
     <span class='ocr_line' id='line_1_36' title="bbox 595 4646 1800 4726; baseline 0.007 -30"><span class='ocrx_word' id='word_1_353' title='bbox 595 4646 683 4713; x_wconf 78' lang='lat' dir='ltr'>Opera</span> <span class='ocrx_word' id='word_1_354' title='bbox 695 4647 874 4710; x_wconf 75' lang='lat' dir='ltr'>diplomatico.</span> <span class='ocrx_word' id='word_1_355' title='bbox 892 4654 913 4699; x_wconf 89' lang='lat' dir='ltr'><strong>t.</strong></span> <span class='ocrx_word' id='word_1_356' title='bbox 928 4648 950 4709; x_wconf 91' lang='grc' dir='ltr'>Ι,</span> <span class='ocrx_word' id='word_1_357' title='bbox 965 4665 1011 4715; x_wconf 91' lang='lat' dir='ltr'><strong>pp.</strong></span> <span class='ocrx_word' id='word_1_358' title='bbox 1027 4663 1073 4714; x_wconf 80' lang='lat'>³52</span> <span class='ocrx_word' id='word_1_359' title='bbox 1086 4660 1114 4701; x_wconf 86' lang='lat' dir='ltr'>et</span> <span class='ocrx_word' id='word_1_360' title='bbox 1131 4651 1218 4706; x_wconf 63' lang='lat' dir='ltr'>suita:</span> <span class='ocrx_word' id='word_1_361' title='bbox 1238 4651 1257 4700; x_wconf 91' lang='lat' dir='ltr'>il</span> <span class='ocrx_word' id='word_1_362' title='bbox 1276 4651 1316 4700; x_wconf 80' lang='lat' dir='ltr'>vit</span> <span class='ocrx_word' id='word_1_363' title='bbox 1329 4665 1431 4701; x_wconf 86' lang='lat' dir='ltr'>encore</span> <span class='ocrx_word' id='word_1_364' title='bbox 1443 4666 1479 4701; x_wconf 86' lang='lat' dir='ltr'>en</span> <span class='ocrx_word' id='word_1_365' title='bbox 1494 4652 1570 4711; x_wconf 86' lang='lat'>1082;</span> <span class='ocrx_word' id='word_1_366' title='bbox 1583 4659 1612 4702; x_wconf 87' lang='lat' dir='ltr'>et</span> <span class='ocrx_word' id='word_1_367' title='bbox 1623 4659 1667 4703; x_wconf 87' lang='lat' dir='ltr'>est</span> <span class='ocrx_word' id='word_1_368' title='bbox 1679 4651 1737 4704; x_wconf 73' lang='lat' dir='ltr'>cite</span> <span class='ocrx_word' id='word_1_369' title='bbox 1765 4673 1800 4726; x_wconf 80' lang='lat'>35</span> 
     </span>
     <span class='ocr_line' id='line_1_37' title="bbox 591 4744 1736 4817; baseline 0.003 -20"><span class='ocrx_word' id='word_1_370' title='bbox 591 4758 702 4796; x_wconf 84' lang='lat' dir='ltr'>comme</span> <span class='ocrx_word' id='word_1_371' title='bbox 715 4744 822 4795; x_wconf 71' lang='lat' dir='ltr'>tenioin</span> <span class='ocrx_word' id='word_1_372' title='bbox 834 4747 849 4794; x_wconf 74' lang='lat' dir='ltr'>a</span> <span class='ocrx_word' id='word_1_373' title='bbox 861 4744 950 4806; x_wconf 72' lang='lat' dir='ltr'>l&#39;actc,</span> <span class='ocrx_word' id='word_1_374' title='bbox 963 4750 1134 4813; x_wconf 78' lang='lat' dir='ltr'>apocrypho,</span> <span class='ocrx_word' id='word_1_375' title='bbox 1145 4746 1181 4797; x_wconf 91' lang='lat' dir='ltr'>de</span> <span class='ocrx_word' id='word_1_376' title='bbox 1193 4745 1389 4798; x_wconf 79' lang='lat' dir='ltr'>(iodefroidde</span> <span class='ocrx_word' id='word_1_377' title='bbox 1399 4746 1534 4799; x_wconf 88' lang='lat' dir='ltr'>Bouillon</span> <span class='ocrx_word' id='word_1_378' title='bbox 1545 4763 1582 4799; x_wconf 90' lang='lat' dir='ltr'>en</span> <span class='ocrx_word' id='word_1_379' title='bbox 1594 4746 1736 4817; x_wconf 77' lang='lat' dir='ltr'>laveurde</span> 
     </span>
     <span class='ocr_line' id='line_1_38' title="bbox 592 4838 1570 4909; baseline 0.003 -18"><span class='ocrx_word' id='word_1_380' title='bbox 592 4838 807 4902; x_wconf 75' lang='lat' dir='ltr'>Salui-Hubert,</span> <span class='ocrx_word' id='word_1_381' title='bbox 823 4842 895 4903; x_wconf 64' lang='lat'>1084,</span> <span class='ocrx_word' id='word_1_382' title='bbox 909 4857 972 4909; x_wconf 77' lang='lat' dir='ltr'><strong>voy.</strong></span> <span class='ocrx_word' id='word_1_383' title='bbox 987 4841 1024 4893; x_wconf 88' lang='lat' dir='ltr'>G.</span> <span class='ocrx_word' id='word_1_384' title='bbox 1038 4841 1157 4904; x_wconf 72' lang='lat' dir='ltr'>lirum,</span> <span class='ocrx_word' id='word_1_385' title='bbox 1171 4841 1250 4904; x_wconf 61' lang='lat' dir='ltr'>llio„</span> <span class='ocrx_word' id='word_1_386' title='bbox 1264 4857 1310 4907; x_wconf 88' lang='lat' dir='ltr'>pp.</span> <span class='ocrx_word' id='word_1_387' title='bbox 1325 4856 1366 4905; x_wconf 79' lang='lat'>31,</span> <span class='ocrx_word' id='word_1_388' title='bbox 1380 4851 1448 4894; x_wconf 90' lang='lat' dir='ltr'>note</span> <span class='ocrx_word' id='word_1_389' title='bbox 1460 4856 1474 4893; x_wconf 94' lang='grc'><strong><em>2</em></strong></span> <span class='ocrx_word' id='word_1_390' title='bbox 1487 4852 1515 4893; x_wconf 89' lang='lat' dir='ltr'>et</span> <span class='ocrx_word' id='word_1_391' title='bbox 1528 4843 1570 4895; x_wconf 87' lang='lat'>61.</span> 
     </span>
    </p>
   </div>
   <div class='ocr_carea' id='block_1_6' title="bbox 0 0 2230 6117">
    <p class='ocr_par' dir='ltr' id='par_1_7' title="bbox 0 0 2230 6117">
     <span class='ocr_line' id='line_1_39' title="bbox 0 0 2230 6117; baseline 0 0"><span class='ocrx_word' id='word_1_392' title='bbox 0 0 2230 6117; x_wconf 95' lang='lat' dir='ltr'> </span> 
     </span>
    </p>
   </div>
  </div>
 </body>
</html>
