4450 6125
543 863 625 944 224
751 840 1062 920 Cantatorium
1091 844 1185 920 sine
1220 839 1469 920 Chronioon

540 1138 783 1216 percipiendam
809 1135 1058 1196 benedictionem
1079 1140 1229 1212 parolus,
1247 1153 1365 1215 vosque
1383 1153 1441 1212 per
1457 1135 1564 1196 mum
1581 1139 1612 1197 el
1625 1150 1683 1212 per

541 1239 669 1300 beblum
693 1237 879 1297 Huberlum
902 1236 1101 1297 omnimodis
1122 1239 1342 1297 ommonilum
1367 1253 1433 1297 esse
1456 1235 1624 1309 volumus,
1648 1239 1685 1297 tel

540 1339 673 1400 interim
689 1338 792 1399 nichil
807 1337 912 1407 aliud,
927 1337 994 1397 nisi
1007 1337 1095 1415 quod
1108 1337 1152 1396 ad
1166 1354 1274 1397 meum
1287 1337 1443 1397 honorem
1456 1342 1487 1397 el
1502 1336 1546 1397 ad
1560 1336 1686 1398 ecclesie

539 1446 643 1500 vestre
657 1444 773 1516 speclel
789 1439 975 1519 ulililolem,
993 1442 1189 1516 oneratura
1203 1436 1293 1498 vobis
1307 1438 1356 1497 ael
1370 1442 1509 1516 agatur.
1532 1436 1624 1498 Vale.

582 1539 637 1602 Sic
654 1539 829 1612 Otbertus,
843 1545 882 1599 ut
891 1536 1001 1610 aiunt,
1014 1537 1129 1618 gladio
1141 1538 1241 1599 melle
1254 1537 1316 1599 lito
1326 1537 1348 1612 ¹,
1359 1536 1387 1600 si
1399 1535 1483 1618 quid
1495 1535 1690 1602 constantie
1728 1558 1731 1604 ὲ

540 1641 575 1701 in
594 1639 732 1701 Wiredo
747 1647 934 1718 supererat,
954 1635 1109 1700 funditus
1130 1637 1287 1713 extinxit,
1304 1638 1429 1719 illeque
1444 1636 1576 1720 prefixa
1595 1639 1664 1702 sibi
1676 1648 1692 1679 ⁶

540 1742 595 1802 die
618 1740 785 1802 Leodium
800 1738 905 1800 venit.
927 1738 1040 1814 Quem
1061 1740 1148 1802 dum
1168 1739 1335 1802 Otbertus
1354 1749 1515 1821 argueret
1535 1741 1691 1804 tamdiu

540 1842 651 1903 oblate
686 1841 751 1903 sibi
788 1839 1034 1901 benedictionis
1065 1840 1215 1922 gratiam
1246 1838 1503 1922 subterfugisse,
1538 1840 1610 1918 ille,
1645 1842 1689 1904 ad

541 1945 675 2016 horam,
689 1942 787 2022 quasi
803 1949 981 2020 resumpto
996 1940 1067 2002 zelo
1082 1940 1236 2004 veritatis
1249 1939 1472 2016 attestandel,
1482 1941 1536 2003 vel
1551 1951 1593 2006 ut
1607 1942 1691 2006 inde

540 2045 633 2124 apud
659 2041 779 2104 fratres
802 2041 1026 2103 excusabilior
1051 2042 1228 2105 videretur
1255 2043 1298 2105 de
1326 2061 1387 2106 sua
1415 2045 1688 2117 consecratione,
1719 2060 1727 2095 ¹

542 2146 629 2207 hanc
640 2143 903 2223 pretenderet⁶²,
913 2142 948 2203 in
960 2143 1099 2222 publica
1110 2143 1284 2206 audientia
1295 2143 1482 2208 subintulit
1493 2145 1605 2209 libero
1615 2164 1689 2222 ore,

542 2264 609 2308 non
625 2245 689 2307 sibi
705 2243 812 2305 videri
828 2243 1048 2305 commodam
1068 2245 1143 2322 ejus
1157 2244 1441 2319 benedictionem,
1457 2245 1589 2328 quippe
1605 2265 1690 2310 cum

540 2346 576 2407 in
597 2345 824 2407 obstinatione
844 2352 916 2406 tam
938 2344 1039 2426 longa
1059 2346 1224 2407 adversus
1237 2345 1385 2408 sedeml
1395 2354 1428 2408 et
1443 2346 1689 2412 auctoritatem

540 2446 763 2527 apostolicam
788 2445 933 2506 Henrico
955 2445 1027 2525 regi
1049 2445 1171 2508 nitenti
1196 2445 1417 2528 singulariter
1441 2446 1582 2524 faveret,
1609 2457 1689 2512 tum

541 2548 622 2628 quia
643 2563 684 2607 ex
706 2547 770 2607 hoc
791 2546 876 2625 ipso,
899 2544 926 2607 si
949 2546 1206 2610 benediceretur
1227 2549 1270 2609 ab
1293 2567 1344 2623 eo,
1368 2549 1511 2613 timebat
1536 2549 1689 2614 fratrum
1717 2565 1725 2601 ¹

541 2664 685 2710 suorum
707 2644 1024 2719 contradictionem,
1049 2655 1127 2709 tum
1148 2647 1253 2710 etism
1273 2649 1354 2730 quia
1380 2649 1416 2711 in
1437 2649 1688 2717 desolationem

541 2748 677 2810 ecclesie
698 2747 787 2808 beati
804 2746 948 2807 Huberti
969 2756 1122 2809 castrum
1138 2747 1277 2811 Mirvolt
1291 2748 1512 2827 refirmasset,
1529 2754 1626 2834 quod
1647 2772 1689 2817 ne

541 2868 561 2911 a
579 2865 757 2929 quoquam
775 2847 925 2926 amplius
945 2846 1040 2909 fieret
1064 2848 1229 2912 Henricus
1249 2852 1470 2930 predecessor
1488 2852 1564 2932 ejus
1577 2852 1688 2917 inter·

541 2951 674 3012 dixerat
688 2950 753 3011 sub
769 2959 934 3029 perpetuo
949 2951 1179 3012 anathemate.
1198 2951 1436 3033 Respondente
1452 2953 1601 3017 Otberto
1617 2973 1686 3019 non

541 3052 644 3114 modo
672 3068 744 3112 esse
773 3057 912 3130 tempus
939 3049 1038 3113 istius
1067 3050 1288 3115 discussionis
1315 3053 1458 3132 agende‚
1485 3053 1686 3120 dissimula·
1712 3065 1731 3104 ²⁸

539 3161 641 3231 taque
669 3151 789 3214 callide
823 3152 1059 3234 indignatione
1091 3152 1293 3217 invectionis
1324 3162 1396 3217 tam
1429 3154 1555 3232 subite,
1585 3156 1687 3221 illam

538 3270 639 3315 suam
662 3253 934 3315 benedictionem
954 3254 1023 3329 iam
1042 3254 1140 3334 quasi
1163 3254 1292 3317 nolenti
1314 3255 1526 3320 deliberabat
1546 3259 1688 3323 subtra-

540 3354 631 3415 here.
660 3352 854 3433 Statimque
881 3355 967 3414 bene
991 3354 1148 3416 conscius
1172 3356 1245 3433 ejus
1270 3354 1511 3433 animositatis,
1537 3357 1583 3419 ad
1611 3376 1688 3421 rem

539 3452 630 3514 inter
665 3460 853 3533 utrumque
894 3454 1179 3532 componendam,
1221 3455 1459 3537 Berengerus‘
1496 3455 1688 3522 subintulit

540 3553 813 3617 benedictionem
847 3572 914 3615 non
947 3571 1017 3617 esse
1050 3555 1197 3633 Otberti,
1231 3558 1289 3619 sed
1325 3558 1399 3632 Dei,
1432 3576 1513 3622 cum
1541 3570 1686 3624 econtra
1713 3572 1730 3621 ι,

542 3653 709 3715 Dominus
737 3672 798 3733 per
824 3654 1030 3716 Malachiam
1055 3654 1145 3718 dicat
1170 3655 1213 3717 de
1237 3657 1472 3720 sacerdotibus
1498 3659 1687 3741 displicen-

540 3753 632 3816 tibus
663 3755 726 3815 sibi
761 3770 767 3814 :
802 3755 997 3815 lllsledicom
1030 3755 1308 3819 benecliclionibus
1342 3759 1468 3830 veslris‚
1503 3761 1588 3840 quia
1620 3781 1687 3824 non

572 3969 598 4002 o.
618 3968 640 4004 s.
653 3953 691 4005 A.
704 3982 737 3991 -
755 3953 779 4003 b.
797 3955 942 4006 atestande
953 3956 990 4005 Α.
1004 3985 1036 3994 -
1054 3974 1077 4007 c.
1096 3958 1191 4023 consus
1201 3966 1226 4009 cl
1236 3958 1319 4010 alllrl
1329 3960 1397 4011 dans
1407 3960 1432 4011 Α
1440 3978 1454 4018 ,·
1465 3960 1518 4013 lla
1529 3961 1608 4026 place
1618 3964 1655 4016 du
1667 3980 1687 4033 p

539 4038 639 4096 iniliol,
660 4038 683 4089 il
696 4038 790 4090 semble
806 4057 853 4107 que
869 4040 892 4091 le
907 4041 989 4092 scribe
1004 4044 1077 4093 ovoil
1092 4042 1200 4095 d'nbord
1213 4048 1278 4095 lcril
1294 4062 1331 4096 un
1347 4063 1363 4098 a
1378 4051 1517 4098 surmonli
1531 4048 1599 4101 d'un
1611 4052 1688 4119 signe

538 4124 726 4176 d’alrluiolion
737 4133 762 4176 el
774 4142 810 4176 rm
825 4142 884 4178 cou
897 4135 917 4177 t.
931 4158 964 4165 —
981 4129 1005 4179 d.
1026 4130 1122 4181 sedem
1133 4138 1170 4181 esl
1180 4135 1265 4197 rlplll
1274 4133 1341 4182 dans
1353 4134 1389 4186 A.
1403 4163 1436 4172 —
1452 4152 1475 4185 e.
1494 4134 1579 4187 Dans
1594 4138 1634 4195 Α,
1651 4155 1685 4190 on
1713 4149 1731 4201 3⁸

537 4212 570 4263 lit
591 4213 663 4281 beng
682 4230 743 4263 or'cc
764 4215 833 4264 deux
849 4216 936 4281 signes
952 4215 1149 4274 d'obrlvinlion,
1169 4218 1227 4269 l’un
1244 4221 1382 4272 nu-dessas
1398 4222 1429 4272 de
1445 4238 1461 4274 e
1478 4230 1504 4274 cl
1519 4222 1622 4277 laum
1637 4243 1688 4279 aa·

537 4300 626 4350 dessus
637 4301 668 4349 dc
678 4315 705 4368 g.

538 4483 834 4499 —

573 4616 580 4640 ¹
602 4635 614 4664 u
628 4618 744 4667 Hieron.
758 4641 766 4668 ι
768 4626 797 4687 p.
810 4634 895 4686 105,2
909 4640 919 4672 :
933 4640 987 4687 nec,
1002 4634 1032 4675 nl
1048 4625 1123 4693 vulgi
1138 4629 1168 4677 dc
1183 4628 1339 4697 quidusdam
1352 4631 1524 4700 proverbium
1539 4645 1590 4704 esl,
1603 4638 1686 4691 litam

538 4703 614 4752 rrrrllc
623 4704 755 4769 gladium.
768 4708 940 4773 ,ligustium
951 4712 1025 4779 opud
1034 4712 1150 4764 Hieron.
1162 4732 1203 4781 ep.
1220 4722 1297 4781 116ss
1311 4734 1321 4767 .·
1334 4718 1458 4771 nclitum
1470 4721 1549 4774 melle
1556 4723 1685 4792 gladium

536 4793 668 4858 slringerc
681 4794 826 4848 ridnmmr.
841 4815 857 4844 »
869 4796 963 4860 Οττο,
977 4798 1167 4867 Spricltadrler
1178 4805 1224 4855 der
1235 4804 1345 4869 Rirner,
1358 4822 1386 4874 p.
1400 4808 1458 4859 218.
1712 4829 1726 4880 3

571 4885 580 4911 ²
599 4877 684 4928 Hanc
692 4883 864 4947 prelendcrel,
878 4884 978 4936 scilicet
989 4889 1134 4940 verilolcm.
1148 4889 1189 4942 Le
1200 4907 1314 4961 passage
1325 4901 1368 4945 est
1379 4892 1492 4951 obscur.
