4450 6125
847 848 1000 931 Sancti
1032 848 1244 933 Haterii.
1540 855 1616 969 193

480 1147 639 1231 Remigii,
655 1148 774 1209 Piros⁶
790 1164 898 1228 usque
913 1155 1124 1228 processerat
1136 1147 1387 1229 quesiturusde
1398 1152 1618 1217 certificanda

476 1249 658 1311 securitate
672 1265 791 1310 eorum
807 1266 894 1329 quos
908 1255 942 1309 et
956 1246 1028 1327 ipse
1043 1257 1207 1311 venturos
1221 1250 1471 1315 sollicitaverat.
1487 1254 1617 1317 lbidem

476 1349 653 1431 paulisper
664 1348 821 1419 cessanti,
839 1347 1150 1411 missusababbnte
1163 1350 1366 1414 Lambertus
1378 1352 1616 1434 majoroccur-

477 1451 533 1524 rit,
549 1459 584 1512 et
597 1467 667 1531 quo
681 1460 756 1512 astu
774 1448 906 1511 Otberti
929 1458 962 1510 et
982 1448 1080 1510 ducis
1096 1466 1174 1529 spes
1193 1468 1313 1514 eorum
1335 1452 1494 1517 frustrata
1515 1468 1614 1531 esset,

433 1579 448 1633 ς
478 1551 525 1615 nil
552 1551 618 1613 tale
644 1550 773 1612 verenti
801 1548 985 1611 nunciavit.
1014 1550 1225 1630 berengerus
1251 1552 1452 1635 indignatus
1477 1574 1516 1618 ert
1542 1565 1616 1619 tam

473 1653 586 1715 subita
603 1670 718 1713 rerum
734 1650 919 1721 eversione,
936 1650 1052 1712 statim
1072 1650 1221 1713 dictante
1242 1654 1363 1715 eadem
1379 1673 1441 1717 sua
1456 1657 1614 1739 indigna·

473 1753 576 1826 tione,
598 1753 732 1833 scripsit
754 1751 941 1827 majoribus
968 1751 1163 1813 Leodicnsis
1183 1754 1331 1825 ecclesie,
1357 1773 1423 1816 non
1447 1765 1536 1820 recte
1557 1775 1614 1820 eos

472 1854 560 1919 lame
588 1873 648 1917 sue
676 1864 710 1915 et
739 1852 859 1915 honori
889 1851 1109 1924 consuluisse,
1141 1854 1267 1928 judicio
1290 1865 1324 1917 et
1352 1856 1480 1931 iustitie
1508 1858 1613 1922 nimis

474 1958 695 2037 impudenter
709 1957 745 2016 in
760 1954 868 2034 capite
884 1972 947 2015 suo
961 1951 1133 2027 deiecisse,
1150 1952 1327 2016 infamiam
1344 1956 1449 2035 hujus
1463 1955 1613 2021 delectus

415 2086 446 2125 ιο
473 2057 525 2120 sui
556 2057 656 2137 longe
684 2056 817 2137 lateque
848 2064 897 2115 tot
929 2054 1146 2116 auditoribus
1181 2055 1328 2135 repulsis
1360 2056 1547 2120 declarasse
1579 2067 1613 2120 et

473 2169 587 2220 tamen
617 2176 635 2219 a
664 2156 818 2218 condicta
848 2153 1021 2216 audientia
1051 2154 1098 2215 sic
1124 2154 1303 2218 lrustratos
1330 2173 1450 2220 causas
1476 2159 1610 2240 agende
1639 2230 1642 2239 ,

470 2253 1612 2322 defensionisetelimandcveritatisnichilominuseliccisse.Sciens

469 2379 607 2442 quoque
642 2359 801 2420 abbatem
836 2357 1084 2418 Theodericum
1121 2354 1209 2418 affici
1238 2358 1443 2437 gravissimo
1477 2377 1610 2422 merore

470 2463 658 2523 secundum
684 2459 790 2520 animi
813 2456 864 2517 sui
888 2456 1154 2517 teneritudinem
1174 2459 1261 2518 banc
1280 2457 1370 2519 inter
1389 2458 1540 2537 plurima
1560 2459 1609 2521 illi

411 2592 440 2644 ις
470 2563 606 2642 scripsit
621 2558 887 2623 consolationem
905 2574 912 2619 :

511 2664 633 2725 Rerum
650 2662 780 2741 quidem
795 2663 905 2719 exitus
919 2660 1098 2738 prudentio
1113 2662 1268 2730 melitum
1288 2663 1343 2720 sed
1363 2662 1470 2723 alieno
1487 2663 1610 2741 decepti

467 2782 581 2824 errore
598 2767 704 2822 rotam
728 2760 861 2831 fortune
882 2778 941 2819 nos
959 2777 1085 2838 quoque
1103 2760 1311 2838 aliquamdiu
1335 2762 1552 2835 revolvimus,
1578 2769 1607 2822 ei

468 2868 632 2925 maximos
654 2861 779 2922 iabores
799 2864 930 2935 frustra
948 2860 1086 2939 fatigati
1103 2861 1324 2929 expendimus.
1347 2861 1424 2923 Eril
1445 2870 1528 2924 certe
1548 2864 1607 2924 ltoc

468 2966 498 3027 E
501 2965 586 3026 terni
602 2964 734 3039 Juiicis
753 2963 935 3032 vindicare,
948 2980 1008 3036 pro
1023 2961 1119 3038 cujus
1126 2959 1197 3037 fide
1212 2963 1357 3023 maxime
1371 2965 1606 3042 proposuimus

405 3099 441 3138 20
468 3069 612 3128 inimicis
627 3066 696 3142 ejus
715 3065 897 3137 displicere.
913 3061 1126 3133 Summopere
1145 3081 1220 3123 vero
1238 3065 1424 3125 curandum
1440 3072 1487 3126 est
1502 3065 1605 3142 vobis,

467 3170 525 3229 linc
539 3169 637 3229 cilius
652 3168 697 3227 eis
711 3185 792 3245 quos
807 3164 957 3228 vocastis.
972 3169 1008 3224 ul
1024 3166 1057 3223 in
1074 3165 1153 3225 iocis
1167 3166 1238 3225 suis
1252 3171 1383 3240 cessent,
1399 3166 1601 3246 significare.

464 3268 540 3348 Ego
554 3286 683 3347 quoquc
696 3266 823 3326 rediens
838 3266 873 3325 id
888 3266 996 3337 ipsum
1012 3265 1134 3325 curabo
1151 3271 1332 3327 rualurare.
1357 3265 1442 3328 Vale.

505 3372 571 3432 Nec
609 3386 715 3442 mora,
752 3366 919 3428 ordinatis
953 3367 996 3427 ab
1031 3375 1178 3446 utroque
1212 3366 1344 3446 legatis,
1382 3380 1420 3430 ut
1453 3379 1604 3431 cessante

462 3472 636 3535 audientia
660 3479 832 3532 cessarent
856 3478 889 3530 et
913 3468 1058 3540 evocati,
1084 3466 1324 3548 Berengerus’
1347 3471 1482 3531 rediens
1506 3469 1602 3531 Remi

400 3607 433 3658 ²5
462 3574 666 3656 quantocius
681 3571 760 3632 duci
776 3571 941 3642 occurrit;
957 3580 990 3630 et
1005 3568 1088 3650 quia
1100 3585 1163 3647 pro
1174 3577 1330 3649 tempore
1345 3569 1408 3631 sibi
1421 3570 1604 3632 videbatur

462 3686 583 3756 potens
599 3690 741 3752 persona
756 3671 983 3751 pociuscaute
995 3670 1151 3731 lenienda
1163 3687 1270 3751 quam
1288 3670 1493 3731 mordaciter
1507 3689 1602 3732 exas-

461 3776 624 3857 peranda,
650 3792 731 3836 cum
758 3772 891 3852 publice
918 3783 1121 3853 quereretur
1145 3771 1187 3833 de
1209 3789 1247 3832 ca
1273 3790 1379 3855 quam
1406 3773 1602 3852 patiebatur

459 3890 573 3939 sancta
589 3875 728 3937 ecelesia
750 3875 792 3934 ab
815 3873 958 3935 Otberto
981 3874 1157 3952 injuriam,
1179 3872 1314 3934 dicendi
1337 3875 1478 3936 modum
1502 3874 1600 3955 quasi

460 3977 627 4041 delensori
643 3978 717 4055 ejus
735 3976 813 4038 duci
831 3993 971 4054 parcens
985 3975 1186 4056 obliquabat
1201 3985 1224 4034 ‘.
1249 3975 1337 4037 Cum
1361 3975 1454 4036 enim
1476 3975 1599 4037 Otber·

400 4111 434 4162 ³0
461 4091 537 4142 tum
559 4086 742 4148 accusaret,
763 4079 854 4158 quod
878 4076 1071 4137 condictam
1094 4077 1248 4137 veritatis
1264 4076 1493 4139 delensionem
1511 4077 1600 4139 male

459 4181 523 4243 sibi
545 4180 699 4242 conscius
720 4177 987 4257 subterfugisset,
1005 4178 1129 4238 ducem
1145 4195 1257 4238 veroc
1278 4178 1413 4239 diverso
1427 4195 1600 4239 commen-

458 4282 567 4354 daret,
593 4283 684 4360 quod
711 4298 787 4341 eam
812 4297 891 4341 cum
913 4279 1034 4341 ceteris
1056 4279 1271 4358 principibus
1295 4279 1456 4358 episcopii
1485 4278 1600 4340 condi-

458 4385 603 4445 cendam
629 4382 835 4452 extorsisset,
858 4382 929 4442 dut
956 4380 1077 4442 rubore
1104 4381 1262 4459 perlusus
1289 4389 1371 4441 teste
1393 4379 1598 4442 conscientia

458 4484 682 4566 arguebatur,
698 4500 766 4562 qua
782 4501 815 4544 sc
832 4483 942 4559 judice
962 4498 1063 4543 ncmo
1085 4499 1209 4543 nocens
1230 4482 1431 4544 absolvitur.
1457 4481 1597 4562 Excepit

398 4615 428 4666 35
461 4587 604 4647 verbum
628 4583 918 4664 prudentissimus
940 4584 992 4644 vir
1013 4581 1252 4665 uaginotdus⁴
1270 4583 1556 4664 archiepiscopus,
1578 4601 1598 4645 a

491 4845 517 4879 n.
537 4845 623 4896 pyros
635 4831 671 4881 Α.
687 4858 717 4868 -
734 4828 757 4882 i.
779 4828 810 4879 Β.
830 4830 867 4880 Α.
882 4856 912 4867 -
929 4846 953 4880 c.
973 4828 1053 4879 Dans
1064 4829 1102 4888 A,
1113 4844 1147 4878 on
1163 4827 1404 4898 litobligtqucbst
1415 4844 1484 4880 cm.
1497 4829 1599 4878 ensuite

457 4935 489 4968 en
502 4918 675 4986 obliquabat.
690 4949 719 4956 -
739 4921 765 4972 d.
785 4919 976 4972 RainoldusA
1344 4943 1358 4969 ο
1454 4997 1480 5056 a

1433 5001 1451 5055 ί
