4450 6125
885 845 1039 926 Sancti
1070 846 1282 929 Huberti.

515 1145 627 1206 monis
649 1143 864 1206 reclinatorio
880 1150 901 1217 ¹,
924 1143 1036 1204 media
1058 1144 1198 1205 caritate
1216 1151 1388 1205 constrato
1407 1142 1651 1205 delectabatur.

513 1245 577 1307 Cui
605 1262 687 1307 cum
700 1242 787 1307 forte
800 1244 890 1306 inter
905 1243 1119 1324 loquendum
1133 1241 1294 1305 familiari
1316 1242 1526 1318 iocunditate
1541 1243 1654 1305 obice-

513 1355 574 1422 ret,
604 1364 711 1428 quare
739 1346 910 1428 quosdam
932 1347 1095 1407 barbaros
1116 1363 1176 1407 sue
1199 1345 1378 1424 parrochie
1400 1352 1495 1406 trans
1518 1344 1653 1407 Renum

511 1455 763 1510 commorantes
789 1446 823 1507 in
848 1446 1112 1527 quadragesima
1138 1446 1180 1507 ab
1209 1446 1282 1506 ovis
1311 1455 1345 1507 et
1377 1446 1463 1507 lacte
1491 1454 1524 1506 et
1557 1462 1654 1507 caseo

467 1571 480 1620 5
510 1549 711 1612 auctoritate
726 1545 912 1628 pontificali
932 1565 1000 1610 non
1021 1555 1253 1626 compesceret
1267 1559 1294 1619 ⁰,
1311 1546 1487 1626 respondit
1503 1544 1653 1626 pontifex

509 1648 752 1712 abstinentiam
770 1657 804 1710 et
819 1648 1020 1730 religionem
1030 1647 1291 1711 ecclesiasticam
1306 1647 1496 1728 sequidem
1509 1647 1653 1709 omnino

431 1794 435 1802 ·
508 1751 712 1830 approbare,
731 1749 883 1811 attestari
906 1759 940 1810 et
960 1749 1119 1823 laudare;
1144 1747 1373 1810 differentiam
1389 1765 1469 1809 vero
1491 1748 1649 1811 ciborum

509 1849 618 1913 firmis
635 1850 671 1911 in
687 1848 755 1912 fide
774 1868 842 1913 non
860 1850 1012 1911 multum
1032 1852 1160 1923 obesse,
1181 1868 1262 1911 cum
1280 1850 1368 1912 Deus
1383 1849 1419 1910 in
1436 1849 1570 1911 deserto
1587 1867 1650 1930 per

507 1969 651 2014 corvum
683 1951 826 2031 Helyam
856 1951 989 2031 paverit
1018 1968 1086 2010 non
1118 1949 1267 2029 piscibus
1293 1953 1350 2012 sed
1380 1968 1503 2022 carne3
1533 1951 1649 2031 sepius

449 2074 479 2111 ιο
505 2062 623 2115 autem
638 2070 673 2114 se
684 2051 718 2113 id
737 2050 952 2132 prohibuisse
964 2067 1024 2112 nec
1040 2051 1265 2131 prevaluisse;
1282 2051 1373 2132 qnod
1389 2050 1565 2114 christiani
1581 2050 1647 2112 dici

506 2160 707 2234 paterentur
733 2152 885 2213 multum
911 2168 947 2212 se
980 2150 1143 2231 gaudere,
1175 2151 1303 2212 nedum
1336 2151 1451 2232 aliqua
1487 2150 1648 2213 violentia

503 2253 709 2326 absterreret
720 2253 858 2314 eosdem
871 2252 1033 2312 barbaros
1044 2267 1064 2311 a
1076 2251 1263 2313 christiana
1276 2249 1372 2312 fide'.
1384 2251 1426 2314 Et
1437 2252 1520 2333 quia
1532 2252 1645 2313 eidem

503 2353 657 2433 pontifici
673 2363 769 2416 tanto
789 2362 862 2414 erat
877 2351 982 2415 abbas
996 2351 1140 2434 gratior,
1158 2362 1288 2432 quanto
1303 2353 1396 2432 apud
1413 2370 1493 2414 enm
1509 2361 1646 2414 consta·

504 2456 562 2516 bat
581 2454 782 2516 honorande
798 2453 937 2515 virtutis
953 2452 1048 2514 locus
1067 2453 1226 2531 amplior,
1244 2470 1437 2533 numquam
1459 2455 1502 2514 ab
1523 2453 1645 2515 conisi

445 2578 474 2630 15
505 2554 707 2616 muneribus
722 2557 911 2615 honoratus
926 2551 1069 2626 redibat,
1086 2571 1153 2632 que
1168 2563 1202 2615 et
1217 2554 1358 2614 dantem
1373 2564 1406 2614 et
1421 2552 1644 2633 accipientem

501 2654 644 2717 omnino
659 2655 835 2718 decebant.
856 2659 1004 2728 Quadam
1026 2676 1106 2712 vero
1127 2662 1202 2712 vice
1223 2661 1310 2712 idem
1335 2660 1451 2723 abbas,
1474 2676 1547 2712 cum
1571 2676 1644 2730 gra·
1697 2660 1761 2713 Vita

501 2755 547 2807 tia
570 2755 740 2807 orationis
761 2764 829 2807 tum
850 2756 952 2807 etiam
971 2770 1083 2806 amore
1102 2755 1226 2806 ductus
1246 2754 1440 2822 pontificis,
1463 2755 1641 2808 Coloniam
1666 2724 1794 2804 nme·

828 2842 832 2850 .
1253 2841 1258 2850 .
1427 2842 1432 2851 ,
1501 2843 1506 2852 ,
1671 2808 1784 2858 rrcr,24.

500 2841 639 2902 vadens,
659 2841 745 2907 apud
762 2840 934 2892 Julracum
952 2848 1107 2904 castrum,
1127 2856 1142 2890 a
1160 2841 1342 2893 conditore
1361 2841 1457 2893 Julro
1475 2842 1603 2893 dictum
1620 2832 1641 2905 ³,

532 3041 558 3079 a.
576 3034 783 3092 compessceret
795 3025 832 3076 Α.

433 3344 469 3379 20
533 3343 540 3369 ¹
562 3334 696 3386 Allusion
713 3350 747 3386 au
767 3334 898 3402 Cantique
914 3335 956 3385 dos
975 3334 1128 3403 Contiqucs.
1150 3335 1199 3394 IH,
1218 3349 1233 3399 9
1250 3341 1278 3385 et
1299 3349 1328 3385 10
1342 3349 1348 3385 :
1362 3334 1508 3385 Ferculum
1512 3335 1581 3401 fecit
1590 3335 1642 3386 sibi

494 3438 544 3472 rex
555 3420 681 3472 Salomon
693 3421 723 3470 de
733 3419 816 3485 lignis
827 3419 927 3471 Libani
942 3437 951 3473 :
967 3420 1106 3472 columnas
1121 3422 1179 3485 ejus
1187 3421 1256 3486 sccit
1270 3429 1417 3487 argenteas,
1437 3422 1638 3473 reclinatorium

492 3523 619 3571 aureum,
632 3522 770 3557 ascensum
778 3522 960 3572 purpureum.

529 3600 537 3627 ²
555 3591 784 3644 Cetteanecdote
796 3601 839 3643 est
851 3593 920 3644 ainsi
934 3594 1089 3658 interpretes
1100 3608 1151 3659 par
1164 3592 1202 3642 H.
1216 3592 1248 3645 C.
1263 3592 1336 3653 Lus,
1350 3592 1473 3642 Histoire
1484 3594 1514 3643 de
1525 3593 1638 3660 l'Inqui-

491 3680 572 3730 sition
587 3695 624 3729 ou
643 3695 734 3746 moyen
751 3682 806 3746 Age,
826 3680 898 3731 trad.
913 3679 1048 3740 Reinach,
1068 3678 1155 3740 Paris,
1173 3694 1245 3744 1900,
1260 3689 1280 3728 t.
1296 3679 1317 3738 1,
1330 3695 1358 3745 p.
1373 3692 1441 3744 247:
1461 3678 1527 3730 «Ia
1545 3681 1636 3731 meme

429 3775 462 3827 ²5
491 3765 619 3817 douceur
637 3780 751 3832 marqua
769 3765 795 3817 la
813 3766 946 3818 conduite
958 3766 993 3817 de
1004 3766 1078 3816 saint
1091 3765 1176 3816 Anno
1188 3765 1223 3816 de
1235 3764 1362 3832 Cologne
1374 3779 1439 3815 vers
1457 3764 1531 3816 1060.
1549 3763 1636 3832 Quel-

490 3866 626 3919 ques-uns
636 3852 749 3903 avaient
761 3851 863 3914 refuse,
878 3852 983 3921 malgre
998 3853 1047 3904 des
1063 3852 1235 3918 injonctions
1253 3850 1390 3917 repetees,
1412 3851 1447 3903 de
1465 3866 1603 3904 renoncer
1619 3856 1636 3904 a

490 3937 595 4007 l'usage
605 3937 644 3989 du
657 3936 716 4000 lait,
730 3938 779 3989 des
790 3938 863 3990 neufs
875 3948 903 3989 et
915 3939 952 3990 du
966 3937 1090 4006 fromage
1102 3938 1226 4004 pendant
1244 3937 1271 3988 le
1289 3936 1419 3998 Careme;
1439 3937 1635 4007 l'arcbeveque

482 4022 611 4092 finitpar
622 4022 682 4073 leur
691 4028 833 4091 permettre
843 4023 929 4090 d’agio
945 4028 961 4073 ἁ
976 4023 1036 4075 leur
1050 4025 1135 4091 guise,
1156 4023 1283 4090 ajoutant
1301 4038 1356 4090 quo
1373 4038 1445 4075 ceux
1462 4025 1511 4091 qui
1529 4024 1634 4077 etaient

489 4109 592 4162 termes
608 4110 679 4162 dans
696 4110 759 4161 leur
770 4110 808 4163 foi
820 4127 857 4163 ne
869 4112 1022 4177 pouvaient
1033 4114 1121 4180 gnere
1132 4113 1193 4163 etre
1204 4110 1267 4163 losts
1277 4111 1498 4178 spirituellement
1509 4128 1559 4179 par
1578 4128 1633 4164 uno

429 4205 462 4255 30
489 4197 643 4250 differente
654 4199 690 4250 de
700 4200 874 4252 nourriture.
889 4218 903 4246 o
922 4198 963 4251 Le
980 4207 1157 4251 contre-sens
1172 4199 1321 4265 ledispute
1338 4198 1432 4250 ici‘ala
1444 4198 1577 4250 drolerie.
1590 4199 1632 4250 Le

490 4285 581 4336 meme
598 4300 714 4353 passage
730 4285 837 4352 inspiro
853 4288 869 4336 b
887 4285 1017 4337 Martene
1037 4295 1065 4336 et
1083 4284 1200 4337 Durand
1217 4293 1292 4336 cette
1310 4283 1456 4346 reflexion,
1477 4285 1631 4353 singuliere

487 4371 561 4423 aussi
586 4386 593 4422 ε
619 4370 691 4421 tanc
712 4370 742 4422 S.
766 4372 892 4423 Annom's
917 4371 1111 4437 indulgentiam
1139 4369 1232 4420 nullus
1247 4372 1315 4433 jure
1332 4387 1384 4420 non
1398 4369 1559 4439 probaverit,
1584 4372 1632 4439 qui

491 4455 636 4508 Germanos
647 4458 728 4519 norit,
740 4457 835 4521 Ampl.
851 4457 929 4520 Coll.,
944 4465 964 4509 t.
979 4458 1027 4519 IV,
1041 4455 1124 4523 pref„
1139 4473 1167 4524 p.
1181 4470 1282 4508 xxxnr.

520 4548 531 4587 ³
548 4542 663 4605 Juliers,
676 4543 854 4610 auJourd'hui
867 4544 882 4595 J
887 4545 972 4606 dlich,
987 4543 1055 4594 ville
1067 4544 1102 4595 de
1115 4543 1141 4594 la
1154 4543 1290 4609 province
1301 4542 1434 4605 menone,
1449 4541 1579 4594 chef-lieu
1589 4541 1628 4595 du

429 4635 460 4688 35
490 4627 561 4680 kreis
571 4629 607 4681 de
619 4629 712 4681 meme
722 4645 800 4683 nom.
812 4630 1018 4699 L'etymologie
1029 4630 1141 4681 donnee
1153 4645 1203 4695 par
1212 4628 1239 4681 le
1250 4630 1443 4697 chroniqueur
1451 4628 1522 4680 n'est
1530 4637 1629 4681 exacte

442 4753 443 4756 ,
488 4728 541 4781 que
556 4715 580 4766 si
597 4729 636 4768 on
653 4715 680 4767 la
697 4717 787 4784 prend
804 4733 839 4769 au
857 4717 923 4783 pied
935 4718 970 4769 de
982 4716 1008 4767 la
1020 4716 1105 4767 lettre
1120 4733 1126 4768 ε
1139 4715 1284 4780 Juliacum
1296 4718 1375 4768 vient
1387 4718 1422 4769 de
1433 4716 1527 4768 Julius
1532 4733 1539 4777 ;
1558 4717 1627 4767 mais

487 4800 506 4851 il
517 4809 559 4854 est
570 4801 707 4871 probable
718 4819 782 4871 que,
797 4820 870 4871 pour
881 4804 908 4855 le
920 4804 1113 4869 chroniqueur
1126 4803 1252 4870 (comme
1268 4805 1342 4855 aussi
1361 4819 1434 4870 pour
1449 4803 1570 4855 l'auteur
1587 4803 1624 4854 du

493 4886 549 4939 Vita
563 4888 723 4947 Theoderici,
735 4893 783 4959 qui
796 4892 947 4958 s'exprime
958 4891 1027 4942 dans
1039 4905 1085 4941 ces
1099 4899 1202 4941 termes
1216 4905 1223 4940 ε
1235 4907 1269 4940 ex
1281 4892 1387 4940 aimoino
1397 4889 1474 4954 Julii
1483 4890 1625 4940 conditoris
