4450 6125
546 881 593 961 14
751 858 1062 939 Cantatorinm
1091 861 1184 937 siue
1220 857 1470 939 Cbronioon

537 1156 663 1216 sionem
680 1171 783 1213 unam
797 1153 887 1224 apud
902 1152 1063 1213 Leodium
1080 1158 1089 1185 ¹
1104 1171 1125 1212 a
1146 1152 1240 1213 nobis
1259 1157 1492 1225 constructam,
1509 1172 1634 1215 necnon
1649 1167 1679 1215 et

538 1259 666 1317 vineam
687 1273 787 1315 unam
806 1272 881 1315 cum
902 1271 1016 1315 manso
1037 1254 1080 1314 ad
1101 1273 1135 1315 se
1153 1255 1333 1329 pertinente
1354 1255 1390 1315 in
1409 1256 1579 1316 territorio
1598 1256 1679 1317 Leo·

538 1358 648 1417 diensi
668 1360 859 1434 nuncupato
879 1354 1028 1434 Vingitis
1042 1366 1057 1392 ‘³
1072 1355 1094 1427 ²,
1116 1372 1191 1415 cum
1208 1356 1360 1416 omnibus
1376 1356 1577 1433 appenditiis
1596 1359 1678 1421 suis.

541 1458 626 1518 item
647 1456 681 1517 in
704 1456 826 1516 eodem
849 1454 1028 1535 privilegio
1052 1462 1129 1534 post
1151 1473 1258 1532 pauca
1281 1471 1287 1516 :
1313 1455 1436 1517 Divino
1459 1461 1495 1517 ul
1517 1458 1682 1519 credimus

539 1556 678 1618 consilio
696 1561 726 1617 el
737 1561 928 1617 nostrorum
936 1554 1091 1632 fidelium
1103 1574 1274 1627 consensu,
1288 1557 1452 1617 tradimus
1460 1557 1530 1635 iam
1542 1558 1682 1637 prefatis
1725 1573 1757 1627 5

541 1659 710 1720 monachis
729 1661 824 1718 omni
839 1675 928 1718 anno
945 1659 983 1717 de
999 1663 1139 1737 argento
1156 1657 1258 1718 libras
1275 1658 1398 1737 viginti
1415 1677 1453 1718 ac
1467 1659 1626 1720 decimam
1644 1662 1683 1722 de

540 1777 632 1821 caseo
646 1777 684 1818 ex
698 1758 851 1819 omnibus
866 1756 956 1818 villis
972 1759 1095 1818 nostris
1110 1758 1358 1818 indominicatis
1372 1762 1403 1817 et
1417 1758 1455 1817 de
1470 1756 1578 1818 tribus
1593 1759 1683 1821 uillis

541 1861 700 1920 decimam
721 1858 802 1930 uini,
819 1858 965 1919 uidelicet
986 1859 1024 1920 de
1048 1850 1280 1938 Goganbeim³
1300 1863 1330 1918 et
1344 1858 1565 1919 Bertbabem⁴
1586 1863 1684 1938 atque

544 1959 714 2020 Cunerono
730 1949 777 2020 ⁶⁵.
795 1959 876 2018 Post
891 1959 947 2018 hec
960 1959 1044 2019 duas
1059 1959 1214 2019 addimus
1228 1960 1285 2032 eis,
1303 1958 1425 2019 scilicet
1443 1959 1608 2020 Tabernas
1622 1950 1635 1987 ⁶
1654 1965 1684 2020 et

543 2061 661 2121 Ernau
677 2061 700 2131 ⁷,
718 2063 755 2120 ul
770 2060 882 2120 omnia
903 2060 1107 2138 regulariter
1125 2060 1265 2120 viventes
1283 2059 1331 2120 ibi
1349 2061 1384 2119 in
1405 2061 1493 2120 victu
1515 2065 1546 2121 et
1566 2062 1683 2122 uestitu
1705 2054 1775 2119 '10

542 2161 623 2220 satis
644 2159 855 2237 habundeque
877 2159 1042 2220 baberent.
1061 2161 1127 2221 Ista
1149 2163 1261 2222 omnia
1276 2179 1386 2222 coram
1401 2161 1530 2222 clericis
1544 2165 1575 2222 et
1589 2161 1684 2223 laicis

544 2261 667 2320 nostris
683 2261 718 2319 in
733 2278 848 2321 eorum
859 2261 1038 2339 privilegio
1051 2262 1195 2322 cedimus
1208 2269 1238 2323 et
1248 2279 1437 2340 permanere
1451 2261 1605 2335 cupimus
1617 2268 1684 2322 lam

544 2362 668 2422 nostris
688 2379 788 2439 quam
812 2379 1036 2423 successorum
1059 2366 1252 2423 nostrorum
1273 2362 1483 2440 temporibus.
1504 2363 1686 2442 Postquam

542 2479 623 2541 ergo
638 2462 701 2522 ista
715 2462 829 2540 gralia
845 2462 907 2522 Dei
920 2462 1164 2524 rationabiliter
1176 2481 1196 2522 a
1212 2463 1306 2524 nobis
1326 2481 1385 2541 per
1399 2465 1512 2524 omnia
1533 2465 1686 2526 ordinata

542 2564 584 2623 ad
599 2581 695 2623 aures
711 2562 899 2639 imperiales
918 2564 1129 2636 devenissent,
1147 2582 1271 2643 magno
1290 2566 1429 2644 gavisus
1443 2571 1491 2625 est
1505 2566 1687 2642 imperator
1717 2579 1766 2634 ¹5

541 2662 679 2740 gaudio,
697 2661 868 2721 cenobium
883 2662 1041 2740 Snguilis
1055 2650 1068 2688 ⁸
1082 2663 1223 2733 nomine,
1242 2663 1277 2722 in
1291 2682 1357 2742 qno
1372 2663 1439 2723 Deo
1453 2663 1577 2724 dicate⁶
1591 2671 1688 2725 erant

543 2760 714 2831 moniales,
744 2760 897 2839 partibus
921 2767 1031 2821 sancte
1066 2760 1174 2822 blarie
1201 2766 1232 2821 et
1258 2762 1366 2824 sancti
1396 2763 1580 2838 lamberti,
1610 2781 1685 2824 cum

542 2861 694 2921 omnibus
713 2861 784 2921 suis
803 2861 1014 2937 appenditiis,
1033 2863 1174 2922 tradidit
1186 2863 1267 2940 jure
1279 2862 1491 2939 firmissimo,
1508 2867 1544 2924 ul
1564 2864 1687 2942 episco-

542 2966 640 3039 patus
654 2961 853 3040 Tongrensis
868 2961 953 3022 sedis
967 2963 980 2998 ⁹
995 2962 1029 3022 in
1045 2963 1139 3024 nullo
1155 2965 1320 3024 minorari
1333 2965 1500 3025 uideretur
1514 2982 1576 3043 pro
1591 2965 1689 3025 rebus

543 3081 625 3141 quas
651 3062 710 3123 Dei
733 3064 836 3124 servis
858 3060 876 3101 ὅ
898 3065 934 3123 in
960 3066 1159 3126 monasterio
1181 3067 1306 3143 prefato
1328 3068 1556 3129 concessimus.
1574 3066 1620 3128 Et
1637 3067 1688 3126 in·
1717 3085 1768 3122 κον

543 3182 643 3242 super
657 3166 700 3225 ad
714 3164 875 3241 prefatam
892 3165 1007 3226 cellam
1021 3168 1189 3246 quandam
1210 3168 1340 3243 silvam,
1358 3188 1421 3248 que
1438 3169 1566 3229 dicitur
1585 3169 1688 3229 Wan-

577 3341 603 3374 o.
623 3325 735 3392 viugnis
755 3325 804 3382 142.
824 3353 857 3362 -
878 3324 902 3375 b.
920 3342 953 3375 on
971 3308 1125 3377 Cunerono
1143 3327 1180 3376 A.
1200 3355 1232 3364 -
1252 3344 1275 3378 c.
1295 3327 1375 3377 Dans
1392 3328 1429 3382 Α,
1451 3342 1509 3393 quo
1527 3327 1619 3379 dicate
1637 3327 1691 3380 deo

544 3427 614 3463 corr.
624 3415 680 3479 par
692 3426 744 3460 une
755 3412 829 3460 main
840 3413 999 3477 posttrienre
1009 3429 1042 3461 en
1055 3427 1112 3478 quo
1124 3412 1179 3464 deo
1189 3412 1290 3465 dicate.
1305 3441 1335 3451 -
1354 3414 1380 3464 d.
1399 3429 1497 3464 servus
1509 3414 1547 3467 Α.

591 3631 598 3658 ¹
618 3622 714 3691 Liege,
728 3622 860 3674 chel-lieu
873 3623 908 3675 de
921 3622 946 3674 la
960 3624 1095 3689 province
1107 3624 1143 3674 de
1155 3639 1187 3674 ce
1200 3639 1279 3675 nom.

591 3718 600 3744 ²
619 3710 753 3778 Vivegnis
766 3709 877 3777 (Liege,
892 3710 987 3778 Liege,
1003 3711 1099 3762 Fexhe
1112 3710 1268 3778 lez-Slins).
1723 3731 1754 3782 ²5

591 3804 601 3842 3
619 3796 838 3848 Probablement
856 3798 1030 3864 lloganlnirn,
1050 3798 1252 3861 Bockenheim,
1268 3799 1369 3867 village
1381 3799 1418 3850 du
1432 3798 1580 3862 Palatinai,
1595 3799 1693 3852 bezirk

548 3882 746 3934 Frankenthal.

591 3978 603 4012 ⁴
622 3969 798 4032 Bechtheim,
814 3970 908 4021 bezirk
921 3970 1101 4032 Wiesbaden,
1116 3971 1190 4022 kreis
1202 3971 1407 4026 Untertaunus.

594 4062 603 4101 5
622 4056 744 4117 Cobern,
759 4056 861 4124 village
873 4056 908 4106 de
921 4056 947 4107 la
956 4056 1216 4119 Prusse·Rhcnane,
1232 4059 1325 4110 bezirk
1338 4059 1489 4111 Coblence.

593 4145 605 4179 ⁶
622 4144 916 4195 TasierenCondroz
929 4144 1039 4210 (Liege,
1055 4145 1132 4211 Huy,
1147 4145 1301 4212 Nandrin).
1728 4170 1761 4219 30

594 4238 605 4277 7
623 4231 734 4283 Yernee
747 4230 857 4297 (Liege,
874 4230 951 4297 Huy,
963 4230 1118 4298 Nandrin).

595 4318 606 4353 ⁸
625 4318 697 4368 Rien
716 4317 846 4383 n'appuie
866 4316 890 4367 la
909 4317 1071 4382 conjecture
1088 4317 1123 4368 de
1142 4317 1272 4369 Robaulx
1290 4318 1326 4368 de
1345 4317 1479 4386 Soumoy,
1501 4318 1655 4388 Cbronique
1668 4322 1700 4373 de

550 4402 704 4469 l'abboyede
717 4401 915 4452 Sobel-Hubert
933 4403 985 4452 dile
1004 4402 1201 4467 cantatorium,
1222 4404 1380 4470 Bruxelles,
1401 4407 1474 4470 1847,
1494 4421 1520 4471 p.
1538 4419 1579 4469 33,
1595 4406 1700 4459 identi-

552 4489 617 4541 iiant
632 4489 753 4556 Sugitilis
765 4505 832 4539 avec
846 4489 990 4553 Susteren‚
1005 4490 1214 4542 &tablissement
1230 4493 1406 4559 monastique
1418 4491 1533 4555 double,
1543 4508 1592 4543 sur
1600 4492 1699 4562 lequel

552 4575 601 4627 cir.
625 4575 728 4639 Datus,
750 4574 871 4625 Histoire
891 4576 926 4625 du
947 4577 1042 4626 diocisc
1061 4585 1086 4626 et
1106 4578 1136 4626 dc
1154 4577 1179 4627 lo
1198 4580 1368 4643 principaull
1385 4579 1415 4628 de
1431 4578 1511 4644 Lilge
1528 4579 1620 4645 depuis
1637 4581 1701 4633 leur
1732 4601 1764 4652 35

552 4665 654 4729 origine
659 4662 789 4728 jusqn’au
803 4662 887 4712 Xllle
898 4662 981 4718 sibele,
999 4680 1046 4729 pp.
1062 4679 1177 4725 iai-142.
1193 4664 1233 4715 La
1246 4664 1358 4715 localite
1372 4673 1445 4715 reste
1458 4666 1610 4719 inconnue.

598 4757 609 4792 9
627 4748 667 4799 La
683 4747 848 4799 translation
864 4750 901 4800 du
918 4750 993 4817 siege
1009 4750 1151 4816 episcopal
1168 4750 1203 4801 de
1219 4752 1345 4816 Tongres
1363 4755 1378 4801 a
1394 4750 1480 4819 Lioge
1495 4767 1531 4802 ne
1550 4754 1701 4819 supprime

555 4851 603 4903 pas
623 4834 649 4885 la
668 4834 881 4888 denomination
901 4838 1036 4888 ancienne
1054 4836 1188 4888 d'eviche
1208 4839 1243 4889 de
1264 4837 1288 4888 T
1289 4853 1401 4904 ongres,
1422 4839 1469 4905 qui
1492 4854 1527 4889 ne
1544 4840 1643 4893 tomba
1664 4858 1703 4894 en

555 4919 710 4972 desuetudo
722 4920 803 4987 qu'au
820 4922 871 4971 x1=
883 4922 975 4973 siecle.
