4450 6125
847 891 1002 978 Sancti
1032 889 1244 971 Huberti.

475 1206 552 1268 pus,
566 1206 658 1251 anno
675 1188 843 1251 lncarnati
873 1188 974 1250 Verbi
995 1209 1082 1269 1071,
1098 1191 1171 1269 ejus
1183 1188 1416 1252 familiaritate
1431 1190 1618 1254 delectatus

476 1287 612 1351 monuit
633 1288 734 1352 illum
748 1299 782 1350 et
797 1287 929 1367 adjuvit
943 1289 1064 1350 cellam
1081 1306 1187 1350 unam
1203 1288 1238 1349 in
1254 1288 1422 1369 episcopio
1438 1307 1500 1351 suo
1521 1308 1618 1352 cons-

478 1397 603 1463 truere,
631 1389 788 1452 videlicet
813 1401 891 1451 ante
918 1390 1053 1452 Novum
1080 1390 1269 1452 Castellum
1299 1408 1402 1469 super
1428 1392 1616 1463 Axonam¹,

480 1495 569 1573 apud
588 1494 869 1556 Eberneicurtem
885 1495 907 1565 ²,
926 1495 984 1556 ubi
1007 1496 1050 1556 ab
1073 1495 1216 1576 antiquo
1232 1485 1243 1521 ³
1265 1494 1459 1574 possidebat
1480 1495 1619 1556 ecclesia

438 1607 454 1656 5
480 1595 569 1657 beati
593 1593 791 1657 Huberti15
815 1613 952 1658 mansos
974 1605 1087 1675 preter
1103 1605 1232 1657 terram
1254 1595 1507 1657 dominicalem.
1526 1595 1622 1675 Qui⁴
1672 1601 1744 1652 1082.

480 1697 667 1778 episcopus,
693 1715 733 1758 ex
756 1715 922 1759 consensu
945 1697 1103 1759 Fulcardi
1130 1706 1164 1758 et
1180 1697 1276 1758 Ebali
1298 1697 1623 1759 archidiaconorum

480 1814 635 1873 suorum,
653 1797 762 1860 tocius
776 1815 914 1879 quoque
935 1798 1075 1877 capituli
1092 1798 1229 1860 ecclesie
1246 1799 1494 1871 laudunensis,
1516 1799 1624 1861 altare

480 1899 600 1961 matris
621 1899 758 1961 ecclesie
780 1899 929 1978 predicte
946 1899 1035 1973 ville,
1052 1899 1249 1961 substitutis
1270 1898 1320 1960 illi
1336 1899 1411 1960 aliis
1435 1916 1570 1974 novem,
1587 1900 1623 1960 in

481 1990 644 2062 Briania⁵
670 2017 791 2069 unum,
815 1998 850 2060 in
873 1999 1097 2080 Pugncicorte
1119 1989 1131 2025 ⁶
1152 1998 1326 2069 nnumin
1353 1999 1592 2060 Medianavilla
1612 1998 1624 2034 ²

432 2121 455 2158 to
480 2119 604 2176 unum,
616 2101 706 2163 inter
723 2100 926 2162 Provasium
942 2109 976 2161 et
992 2099 1222 2161 Provisiolum
1237 2100 1319 2173 duo,
1339 2099 1375 2160 in
1398 2099 1624 2181 Gugneicorte

481 2219 604 2275 unum,
632 2200 667 2262 in
689 2201 898 2282 juvinicorte
918 2201 998 2274 duo,
1023 2201 1059 2261 in
1088 2201 1302 2263 Ranleicorte
1324 2218 1447 2272 unum,
1472 2202 1513 2262 ad
1537 2219 1625 2281 opus

483 2301 633 2384 predicte
648 2301 795 2364 contulit
809 2302 902 2363 celle.
921 2302 995 2378 Que
1011 2303 1128 2364 omnia
1151 2303 1234 2364 ratis
1249 2310 1282 2364 et
1297 2300 1408 2364 firmis
1425 2302 1623 2384 privilegiis,

482 2405 629 2467 exclusis
654 2422 791 2485 quoque
816 2404 1006 2465 eorundem
1031 2403 1196 2465 altarium
1221 2405 1388 2483 personis,
1409 2404 1566 2466 habenda
1589 2404 1626 2465 in

484 2512 693 2585 perpetuum
712 2502 928 2565 confirmavit
947 2503 1036 2564 beati
1060 2503 1203 2565 liuberti
1223 2503 1362 2565 ecclesie
1385 2504 1420 2563 in
1442 2504 1627 2566 Arduenna

433 2623 457 2672 ¹5
484 2605 558 2669 site.
577 2605 643 2667 Nec
666 2604 777 2666 multo
797 2614 873 2684 post
892 2603 1039 2684 reposita
1061 2613 1111 2665 est
1133 2604 1268 2665 ecclesie
1286 2604 1506 2666 laudunensi
1529 2603 1626 2666 vicis·

485 2707 599 2770 situdo
622 2708 727 2783 hujus
748 2705 942 2767 donationis
965 2707 1007 2767 ab
1030 2705 1168 2767 ecclesia
1193 2706 1280 2767 beati
1298 2705 1454 2781 liuberti,
1473 2705 1627 2769 videlicet
1686 2734 1690 2742 ·

486 2808 690 2871 biblioteca⁰
713 2825 782 2870 una
805 2807 913 2869 tocius
935 2808 1058 2900 veteris
1080 2816 1113 2869 et
1136 2807 1215 2869 novi
1242 2808 1437 2870 testamenti
1449 2796 1472 2869 ⁸.
1491 2807 1586 2870 Hanc
1606 2826 1625 2869 a

518 2989 543 3024 a.
563 2970 645 3021 Dans
656 2970 693 3030 A,
708 2968 869 3020 bliblioteca
880 2970 983 3034 corrigi
991 2973 1044 3037 par
1055 2976 1174 3033 exponet.

520 3242 528 3267 ¹
548 3229 888 3289 Neulchatel-sur-nisne,
908 3228 976 3279 ville
993 3230 1030 3280 du
1049 3229 1245 3296 departement
1265 3230 1300 3281 de
1321 3229 1439 3291 l’Aisne,
1457 3232 1627 3284 arrondisse-

432 3331 461 3368 ιο
486 3328 562 3371 ment
574 3318 609 3369 de
622 3316 711 3369 Laon.

519 3414 527 3439 ²
547 3404 764 3472 Evergnicourt,
781 3417 932 3453 commune
947 3401 983 3452 du
1002 3401 1198 3466 departement
1210 3402 1245 3452 de
1258 3401 1376 3464 l'Aisne,
1389 3404 1629 3456 arrondissement

485 3492 519 3543 de
531 3491 620 3542 laon.

518 3586 528 3624 ³
547 3576 605 3630 Clr.
619 3577 754 3628 donation
767 3575 802 3626 de
814 3574 959 3636 Walcaud,
973 3574 1117 3635 ci-dessus,
1132 3590 1159 3641 p.
1177 3589 1185 3624 1
1192 3589 1214 3636 3.

518 3673 530 3708 ⁴
548 3664 602 3715 Sur
612 3670 687 3714 cette
696 3660 830 3712 nouvelle
838 3661 974 3712 donation
983 3660 1146 3721 d'Elinand,
1158 3676 1222 3728 voy.
1234 3660 1271 3711 G.
1283 3660 1403 3721 Konna,
1415 3678 1490 3714 cuin.
1500 3664 1559 3717 cili,
1572 3671 1592 3714 t.
1606 3662 1627 3723 l,

431 3762 458 3811 25
487 3765 533 3818 pp.
547 3763 578 3814 53
591 3759 621 3801 et
632 3749 705 3800 suiv.
713 3765 719 3809 ;
735 3762 899 3814 remarquez
910 3763 965 3814 que
977 3747 1004 3798 le
1015 3747 1151 3814 dipldme,
1165 3747 1229 3798 dati
1241 3747 1275 3798 de
1288 3748 1376 3809 Laon,
1390 3762 1417 3812 ¹5
1428 3748 1544 3801 octobre
1555 3750 1628 3812 1082,

488 3837 652 3889 mentionne
669 3834 868 3903 Guignicourt,
889 3832 1033 3895 Prouvais‚
1056 3832 1222 3895 Provisam,
1240 3834 1257 3884 J
1260 3834 1411 3886 uvinuourt
1429 3843 1457 3886 et
1475 3833 1632 3887 Ranicourt

488 3924 596 3990 (toules
614 3921 742 3975 localitas
752 3922 790 3972 du
803 3913 998 3987 departemefit
1010 3921 1046 3972 de
1058 3920 1166 3972 l’Aisne
1179 3929 1207 3972 et
1219 3921 1256 3972 du
1269 3931 1372 3973 canton
1384 3922 1420 3973 de
1431 3921 1630 3990 Neulchatel);

488 4026 538 4077 par
556 4018 664 4072 contre,
685 4008 705 4060 il
723 4024 760 4060 ne
779 4008 944 4059 mentionne
964 4023 1013 4074 pas
1033 4006 1169 4070 Brienne,
1193 4006 1371 4076 Pignicourt,
1390 4010 1420 4059 ni
1441 4008 1630 4073 Menneville,·

488 4112 560 4148 nous
577 4111 613 4147 en
634 4096 798 4156 concluons,
818 4110 886 4146 avec
908 4093 943 4145 G.
965 4093 1069 4157 Kurth,
1089 4093 1157 4162 qu’il
1177 4111 1194 4162 y
1213 4104 1262 4147 eut
1283 4112 1321 4147 un
1342 4097 1487 4148 troisieme
1506 4098 1632 4164 dipldme

431 4193 461 4242 30
488 4179 649 4241 d'Elinand,
664 4195 699 4231 en
713 4180 809 4231 saveur
820 4180 856 4231 de
868 4178 1084 4231 Saint-Hubert.

523 4273 532 4311 5
552 4266 685 4327 Brienne,
705 4281 855 4317 commune
874 4266 911 4316 du
930 4265 1127 4331 departcment
1146 4266 1195 4317 des
1215 4266 1373 4330 Ardennes,
1393 4269 1632 4321 arrondissement

487 4354 523 4404 de
536 4352 651 4404 Rethel.

521 4437 533 4473 ⁶
552 4437 726 4506 Pignicourt‚
745 4452 896 4488 commune
914 4438 951 4489 du
976 4437 1173 4504 departement
1195 4439 1231 4489 de
1252 4438 1375 4502 l’Aisne,
1394 4441 1634 4493 arrondissement

488 4526 525 4577 de
536 4524 627 4578 laon.

431 4627 459 4677 35
523 4610 739 4673 7Menneville,
760 4626 911 4688 commune
928 4612 965 4662 du
984 4611 1180 4678 departemcnt
1202 4613 1237 4664 de
1257 4612 1374 4676 l'Aisne,
1396 4616 1635 4669 arrondissement

489 4698 526 4749 de
537 4696 627 4750 laon.

525 4782 537 4818 ⁸
555 4783 610 4835 Sur
630 4791 705 4835 cette
725 4782 911 4852 signification
932 4787 990 4835 tres
1011 4782 1158 4851 frequente
1179 4787 1217 4838 du
1239 4797 1298 4839 mot
1318 4788 1478 4847 bibliotheca,
1504 4791 1636 4859 employe

489 4884 604 4921 comme
619 4884 778 4937 synonyme
789 4869 825 4921 de
836 4867 921 4929 Bible,
937 4885 1005 4937 voy.
1023 4872 1071 4920 W.
1091 4873 1312 4935 Wnrrnnnncn,
1326 4875 1388 4926 Das
1400 4876 1585 4942 Schriftwesen
1598 4879 1637 4928 im

491 4953 663 5021 Militiana,
682 4962 708 5018 3⁰
724 4954 780 5020 ed„
800 4954 925 5022 Leipzig,
948 4955 1019 5023 1896,
1041 4972 1088 5024 pp.
1107 4970 1151 5021 15²
1165 4968 1193 5009 et
1206 4960 1278 5013 suiv.
1293 4960 1334 5012 Le
1349 4961 1435 5013 detail
1451 4963 1586 5015 cidessus
1601 4963 1636 5013 de

431 5057 463 5106 ιο
492 5042 521 5093 la
537 5039 691 5099 chronique
703 5038 797 5092 revelo
810 5039 876 5091 bien
887 5039 914 5091 la
927 5040 1017 5092 rarete
1029 5049 1058 5093 et
1070 5042 1096 5093 la
1113 5043 1212 5095 valeur
1226 5044 1276 5096 des
1293 5045 1379 5097 livres
1395 5049 1410 5096 a
1426 5057 1500 5099 cette
1516 5048 1636 5116 epoque.
