4450 6125
902 889 1057 973 Sancti
1087 891 1299 972 Habenti.
1594 908 1663 989 ¹4¹

567 1187 710 1238 Audivit
739 1187 843 1239 Cesar
871 1189 1045 1256 Augustus
1075 1189 1166 1239 inter
1195 1202 1334 1253 pueros,
1365 1199 1449 1251 quos
1478 1181 1672 1233 Herodesa
1710 1182 1809 1241 Mace,

535 1274 661 1326 bimatu
695 1283 727 1325 et
760 1274 846 1325 inira
877 1275 1027 1341 jusserat
1058 1274 1231 1333 occidere,
1264 1287 1359 1323 suum
1392 1286 1526 1338 quoque
1561 1247 1832 1366 liliumsafffflalv

536 1363 712 1423 interisse,
737 1371 770 1414 et
793 1362 881 1413 dixit
901 1379 907 1413 :
927 1361 1040 1412 Mallem
1060 1360 1178 1410 Herodis
1193 1365 1351 1428 essepercus
1369 1374 1449 1425 quam
1459 1357 1540 1423 filius
1553 1365 1572 1408 ¹.
1749 1333 1796 1378 '⁴'

571 1450 647 1501 Idem
666 1449 753 1501 Cesar
765 1449 894 1501 sublimis
907 1449 1020 1501 Actiaca
1033 1449 1151 1500 victoria
1165 1447 1367 1498 revertebatur.
1382 1445 1514 1497 Occurrit
1528 1458 1542 1483 ‘¹
1558 1445 1583 1495 ei
1601 1444 1675 1494 inter

503 1542 513 1594 5
537 1534 709 1602 gratulantes
735 1535 848 1601 quidam
872 1549 989 1586 corvum
1019 1543 1128 1595 tenens,
1158 1548 1242 1600 quem
1273 1533 1433 1583 instituerat
1463 1532 1557 1583 dicere
1578 1545 1585 1580 t
1608 1531 1674 1589 Aac,

540 1621 628 1682 Cesar,
647 1622 729 1670 victor
745 1622 898 1689 imperator.
919 1620 1039 1671 Miratus
1059 1620 1145 1671 Cesar
1161 1618 1314 1670 officiosam
1331 1634 1422 1679 avem,
1441 1618 1541 1685 viginti
1561 1617 1676 1669 milibus

537 1709 659 1759 nummis
686 1709 766 1759 emit.
797 1707 895 1769 Socius
925 1707 1043 1774 opificis,
1074 1709 1107 1758 ad
1138 1723 1222 1774 quem
1252 1706 1339 1757 nichil
1368 1722 1402 1755 ex
1429 1706 1476 1756 illa
1506 1705 1675 1758 liberalitate

538 1804 715 1861 provenerat,
732 1794 881 1846 affirmavit
897 1796 1002 1856 Cesari,
1019 1793 1149 1862 [habere]
1165 1795 1246 1845 illum
1259 1804 1287 1844 et
1303 1793 1390 1844 alium
1401 1808 1528 1854 corvum,
1543 1808 1626 1859 quem
1645 1800 1676 1842 ut

538 1882 637 1933 afferre
656 1891 806 1949 cogeretur
825 1883 942 1949 rogavit.
957 1882 1069 1933 Allatus
1087 1897 1189 1933 corvus
1202 1881 1286 1932 verba
1299 1897 1354 1948 que
1365 1881 1501 1931 didicerat
1516 1880 1674 1947 expressit:

486 1982 513 2017 ro
539 1971 605 2031 Aac,
627 1972 716 2030 victor,
738 1971 882 2037 imperator
902 1969 1044 2020 Anthonii.
1066 1968 1161 2020 Nichil
1175 1969 1260 2019 Cesar
1277 1976 1467 2034 exasperatus,
1488 1969 1554 2018 satis
1570 1966 1676 2017 duaitb

538 2056 635 2121 jubere
647 2056 728 2106 illum
741 2056 868 2107 dividere
880 2056 1045 2107 donativum
1058 2071 1122 2107 cum
1136 2055 1341 2107 contubernali.
1363 2055 1505 2107 Salutatus
1518 2055 1649 2105 similiter
1661 2071 1676 2104 a

538 2143 656 2209 psittaco
665 2155 685 2204 c,
700 2144 755 2192 emi
769 2158 833 2193 eum
845 2143 937 2209 jussit.
953 2142 1030 2194 ldem
1045 2144 1162 2193 miratus
1176 2143 1204 2192 in
1217 2143 1287 2208 pica,
1302 2142 1401 2193 hancd
1415 2158 1528 2209 quoque
1546 2142 1675 2193 redemit.

540 2229 708 2294 Exemplum
723 2231 776 2280 hoc
788 2244 939 2295 pauperem
958 2238 1082 2280 sutorem
1101 2228 1274 2290 sollicitavit,
1290 2239 1319 2279 ut
1333 2244 1449 2280 corvum
1469 2229 1630 2280 institueret
1642 2229 1677 2279 ad

538 2331 630 2381 parem
650 2315 862 2372 salutationem:
882 2316 931 2382 qui
949 2316 1075 2381 impensa
1093 2317 1256 2376 exhaustus,
1276 2331 1341 2381 sepe
1359 2315 1392 2365 ad
1412 2330 1492 2366 avem
1505 2330 1562 2366 non
1577 2331 1676 2381 repon-

481 2418 510 2468 15
537 2402 648 2452 dentem
662 2402 757 2452 dicere
771 2402 895 2453 solebat:
910 2402 996 2470 Opera
1006 2410 1030 2451 et
1039 2404 1158 2470 impensa
1168 2404 1257 2469 periit.
1271 2402 1432 2468 Aliquando
1443 2412 1536 2452 tamen
1549 2418 1651 2454 corvus
1665 2416 1677 2439 e

537 2488 609 2552 cepit
621 2487 715 2538 dicere
727 2487 858 2538 dictatam
872 2487 1079 2537 salutationem.
1095 2486 1156 2537 Hac
1168 2487 1262 2537 audita
1274 2487 1385 2537 transiit
1398 2486 1543 2553 Augustus
1560 2502 1676 2552 respon-

537 2575 624 2625 dens:
644 2575 830 2625 salutatorum
846 2574 942 2624 talium
954 2576 1019 2624 satis
1031 2575 1103 2623 dorici
1113 2573 1199 2624 habeo.
1219 2572 1364 2639 Superiuit
1381 2588 1468 2625 corvo
1487 2577 1630 2632 memoria,
1644 2583 1676 2624 ut

537 2671 564 2711 et
576 2661 632 2723 illa,
646 2661 749 2728 quibus
765 2662 912 2713 dominum
926 2669 1092 2728 querentem
1105 2660 1214 2711 solebat
1226 2661 1332 2721 audire,
1347 2661 1509 2712 subtexeret
1523 2677 1529 2712 ε
1547 2659 1634 2728 Opera
1652 2669 1676 2709 cr

538 2750 653 2816 impensa
667 2749 758 2816 periit.
773 2748 817 2798 Ad
830 2747 906 2813 quod
918 2746 1004 2798 Cesar
1022 2747 1092 2808 risit,
1110 2747 1223 2813 emique
1238 2762 1318 2796 avem
1341 2746 1432 2812 jussit.
1450 2748 1549 2813 quanti
1566 2746 1673 2798 nullam

477 2848 512 2885 20
537 2837 625 2887 adhuc
637 2845 754 2886 emerat.

569 2922 681 2975 Solebat
698 2923 878 2973 descendenti
892 2938 906 2972 a
923 2922 1027 2988 palatio
1040 2921 1136 2973 Cesari
1148 2921 1263 2988 aliquod
1277 2919 1464 2972 honorificum
1477 2922 1680 2988 epigramma!

537 3012 679 3078 porrigere
702 3009 856 3072 Greculus3
884 3009 911 3059 id
935 3025 999 3060 cum
1023 3007 1127 3060 frustra
1147 3025 1213 3075 sepe
1233 3008 1353 3071 iecisset,
1377 3024 1473 3059 rursus
1493 3025 1557 3059 cum
1579 3009 1673 3059 iddem

537 3095 671 3148 iacturum
686 3097 803 3147 vidisset
824 3097 979 3163 Augustus,
1001 3097 1087 3148 breve
1104 3112 1154 3147 sua
1173 3111 1256 3146 manu
1277 3098 1305 3147 in
1324 3106 1398 3147 carta
1417 3097 1542 3147 exaravit
1558 3112 1672 3162 grecum

537 3182 739 3248 epigrammas‚
768 3182 953 3249 pergentique
982 3182 1085 3233 deinde
1111 3182 1145 3232 ad
1176 3198 1205 3233 se
1231 3182 1373 3233 inobviam
1404 3182 1529 3233 Greculo
1560 3183 1673 3234 misitr.

478 3281 510 3330 25
538 3266 588 3318 Ille
609 3268 727 3335 legendo
748 3267 861 3318 laudare
881 3276 909 3318 et
932 3268 1026 3318 mirari
1050 3278 1106 3318 tam
1129 3283 1197 3319 voce
1221 3284 1303 3334 quam
1329 3268 1419 3329 vultu,
1444 3284 1566 3335 cumque
1589 3269 1675 3319 Cesar

537 3356 694 3405 accessisset
716 3355 749 3405 ad
774 3353 881 3414 sellam,
907 3353 1048 3405 Greculus
1071 3355 1191 3405 demissa
1222 3370 1304 3405 manu
1330 3356 1359 3405 in
1382 3371 1534 3421 pauperem
1559 3353 1673 3406 lundam

537 3455 636 3504 paucos
645 3440 775 3490 denarios
785 3440 904 3506 protulit
925 3455 995 3507 quos
1006 3442 1126 3507 principi
1137 3441 1213 3492 daret
1225 3441 1320 3491 dicens
1330 3440 1405 3492 :Non
1414 3441 1673 3506 secundumsactum

537 3530 620 3579 turim,
635 3524 774 3589 Auguste,¹
786 3526 848 3591 quia
860 3526 885 3574 si
893 3524 955 3592 plus
968 3524 1098 3580 surberern,
1112 3525 1175 3592 plus
1187 3527 1278 3575 darem
1287 3534 1305 3576 ².
1321 3526 1423 3577 Secuto
1436 3527 1589 3577 omniumll
1605 3528 1672 3583 risu,

537 3608 754 3674 dispensatorem
765 3611 852 3661 Cesar
860 3612 980 3672 vocavit,
992 3619 1020 3662 et
1029 3612 1174 3662 sestertiai
1187 3620 1300 3662 centum
1312 3612 1388 3662 milia
1398 3612 1522 3663 Greculo
1531 3614 1673 3663 numerari

479 3712 514 3760 30
537 3697 625 3759 Jussit.

571 3781 756 3834 Veteranus
790 3783 945 3850 quidam,
980 3800 1053 3835 cum
1089 3784 1144 3834 die
1176 3784 1307 3836 indicto
1342 3785 1406 3836 sibi
1443 3785 1672 3850 respondendi

537 3867 619 3932 juris
641 3870 880 3935 periclitareturj,
905 3873 1022 3922 accessit
1043 3873 1071 3922 in
1092 3872 1208 3938 publico
1231 3873 1265 3923 ad
1286 3872 1428 3934 Cesarem,
1453 3873 1619 3940 rogavitque
1643 3882 1674 3923 ut

569 4094 593 4126 a.
612 4078 720 4129 occurit
732 4078 769 4127 A.
783 4106 815 4114 -
832 4076 856 4128 h.
874 4077 947 4127 dixit
959 4078 996 4129 A.
1010 4106 1042 4115 -
1060 4095 1082 4128 c.
1103 4079 1210 4144 psitace
1222 4080 1258 4131 A.
1279 4109 1311 4117 —
1329 4081 1354 4129 d.
1374 4082 1428 4131 han
1444 4082 1480 4133 A.
1495 4110 1527 4117 —
1544 4097 1566 4132 e.
1585 4095 1673 4131 couus

538 4163 573 4214 A.
586 4194 616 4202 -
627 4165 655 4230 f.
674 4180 854 4233 epygramma
872 4166 908 4215 Α.
923 4194 955 4202 -
970 4182 997 4232 g.
1017 4165 1098 4216 Dans
1115 4167 1152 4227 A,
1173 4167 1248 4217 misit
1266 4167 1381 4234 greculo
1399 4184 1467 4217 corr.
1487 4184 1517 4215 en
1536 4183 1563 4234 g.
1583 4182 1621 4216 m.
1641 4195 1672 4202 -

478 4260 510 4310 35
539 4248 564 4298 Ιι.
581 4253 657 4302 omni
674 4252 712 4303 Α.
731 4281 763 4289 -
784 4253 802 4301 i.
822 4253 954 4302 sextertia
972 4252 1009 4301 A.
1029 4280 1061 4289 —
1074 4252 1100 4316 j.
1121 4252 1201 4302 Dans
1220 4252 1257 4308 A,
1282 4253 1511 4319 periclitarentur
1531 4270 1600 4303 corr.
1620 4258 1672 4321 par

538 4343 650 4398 exponet.
663 4354 694 4387 en
707 4336 924 4404 periclitaretur.

569 4684 575 4710 ¹
588 4676 689 4727 Melius
698 4685 735 4727 est
747 4676 863 4727 Herodis
872 4682 984 4743 porcum
996 4695 1049 4727 csse
1060 4678 1250 4745 quamfilr'um.
1265 4679 1420 4731 lttacnosr.

568 4770 576 4797 ²
590 4762 630 4814 Le
643 4763 946 4830 chroniqueurtraduit
958 4764 1038 4825 ainsi,
1052 4765 1116 4830 plus
1129 4781 1165 4816 ou
1180 4766 1271 4817 moins
1283 4775 1469 4829 exactement,
1479 4766 1672 4835 l’epigramme

535 4867 589 4918 que
608 4849 740 4901 Macrobe
757 4851 852 4902 donne
870 4866 905 4901 en
917 4865 982 4917 grec
1000 4845 1061 4913 :Ni
1079 4850 1126 4914 τὴν
1140 4850 1187 4915 σὴν
1203 4848 1297 4925 τύχην,
1313 4847 1443 4924 Scirtari·
1458 4850 1479 4904 εἰ
1491 4847 1572 4905 πλέον
1589 4851 1670 4928 εἶχον,

469 4949 508 4998 40
534 4929 618 4987 πλέον
631 4928 739 4993 ἐδίδουν,
