4450 6125
544 904 623 957 222
753 872 1065 952 Cantatoriam
1094 877 1187 952 sive
1223 872 1477 955 Chronicon

541 1173 665 1236 siastiei
688 1173 731 1233 ab
753 1171 897 1232 introitu
919 1170 1038 1232 domni
1054 1170 1255 1232 Theoderici
1278 1172 1429 1248 maioris,
1449 1174 1491 1237 de
1510 1178 1682 1256 prebenda

541 1274 689 1335 fratrum
705 1272 776 1333 sine
792 1289 957 1333 consensu
973 1288 1093 1332 eorum
1109 1271 1199 1333 datis
1213 1271 1323 1334 immo
1337 1283 1370 1336 et
1385 1276 1533 1338 venditis
1549 1280 1684 1343 noviter

539 1384 572 1436 et
596 1374 721 1450 iniuste
744 1371 924 1442 beneficiis,
944 1381 978 1433 et
998 1374 1073 1447 hoe,
1095 1380 1134 1433 ut
1149 1372 1391 1451 supradictum
1410 1384 1472 1451 est,
1488 1380 1634 1442 consilio
1651 1391 1684 1446 et

539 1484 617 1537 actu
654 1472 826 1534 Lamberti
860 1469 999 1549 majoris
1031 1478 1064 1531 et
1096 1471 1297 1534 Theoderici
1330 1474 1486 1551 junioris.
1525 1477 1569 1538 Et
1603 1498 1684 1544 cum

540 1573 699 1655 frequens
730 1571 947 1653 querimonia
977 1570 1125 1633 fratrum
1157 1590 1273 1634 coram
1304 1573 1445 1636 Wiredo
1478 1577 1684 1654 huiusmodi
1726 1591 1735 1640 5

540 1674 748 1753 injusticiam
770 1681 804 1735 et
825 1676 1018 1752 dampnum
1042 1673 1274 1754 deplangeret,
1298 1674 1354 1735 ille
1375 1685 1479 1756 eaput
1500 1696 1682 1759 quassans,

468 1797 475 1808 ·
539 1776 722 1856 complosis
739 1775 908 1848 manibus,
927 1791 1008 1834 cum
1027 1773 1263 1853 indignatione
1281 1775 1408 1838 talibus
1426 1779 1686 1846 consultoribus

539 1884 572 1940 et
608 1876 805 1938 auctoribus
837 1875 993 1955 penalem
1027 1875 1215 1936 vindictam
1249 1875 1390 1937 ultionis
1423 1877 1687 1958 imprecabatur

539 1978 665 2039 divine.
691 1976 756 2037 Sed
780 1995 886 2057 quam
908 1975 1148 2037 inexcusabilis
1168 1986 1218 2038 est
1240 1977 1353 2039 omnis
1367 1979 1427 2058 qui
1442 1979 1585 2057 judicat,
1604 2000 1688 2048 cum

540 2089 573 2141 et
604 2079 678 2158 ipse
710 2078 800 2138 idem
833 2076 946 2138 faeiat!
983 2077 1071 2153 Quia
1104 2077 1209 2150 enim,
1245 2087 1282 2139 ut
1315 2078 1452 2154 dicitur,
1486 2082 1687 2148 voluntates
1717 2096 1745 2137 ¹0

541 2192 701 2262 regumt,
727 2188 764 2240 ut
787 2189 867 2239 sunt
888 2179 1118 2251 vehementes,
1141 2178 1187 2240 ita
1209 2188 1245 2241 et
1265 2180 1459 2255 mutabiles,
1479 2200 1547 2244 non
1573 2186 1689 2249 multo

542 2292 619 2364 post
642 2282 802 2342 Wiredus
825 2278 986 2359 predictis
1011 2279 1145 2340 noviter
1170 2281 1291 2343 casatis
1316 2283 1408 2344 diem
1435 2285 1476 2346 ad
1503 2303 1538 2348 se
1561 2304 1689 2351 conve·

542 2383 657 2445 niendi
674 2381 799 2462 posuit,
816 2390 850 2442 et
866 2389 984 2443 contra
1007 2380 1182 2459 publicam
1206 2378 1354 2444 fratrum
1375 2386 1689 2451 contradictionem

540 2486 582 2546 ad
600 2484 769 2563 privatam
784 2500 905 2543 eorum
921 2481 1068 2559 gratiam
1083 2483 1239 2563 singulos
1255 2483 1430 2559 recasavit,
1447 2502 1527 2547 cum
1548 2497 1585 2549 et
1606 2499 1691 2553 ante

540 2583 731 2665 legitimam
750 2581 1040 2643 consecrationem
1059 2582 1111 2642 sui
1135 2583 1270 2644 nullum
1293 2584 1399 2664 legale
1419 2586 1551 2648 donum
1569 2598 1691 2668 posset

539 2688 582 2746 ab
604 2703 643 2746 eo
666 2684 750 2745 lieri.
778 2683 873 2743 Unde
895 2692 929 2745 et
951 2684 1060 2761 magis
1082 2701 1123 2745 ex
1147 2688 1211 2745 hoc
1232 2685 1466 2748 crebrescebat
1485 2692 1691 2755 communis

539 2788 687 2847 iratrum
713 2785 894 2855 sententia,
917 2784 1017 2847 illum
1037 2786 1181 2846 omnino
1206 2785 1256 2846 vel
1279 2804 1342 2865 pro
1364 2788 1460 2849 nullo
1481 2789 1691 2855 habendum

541 2886 593 2947 vel
624 2884 886 2962 rejiciendum,
917 2903 997 2946 cum
1029 2886 1182 2947 Romane
1208 2886 1420 2950 auctoritatis
1446 2888 1692 2972 privilegium,

541 2987 633 3070 quod
650 3004 668 3047 a
682 2985 844 3064 Gregorio
856 3003 943 3064 papa
957 2985 1037 3046 huic
1051 2985 1187 3047 ecclesie
1202 2987 1392 3068 specialiter
1407 2996 1458 3050 est
1469 2989 1656 3053 decretum
1667 2994 1692 3070 ¹,

542 3087 740 3167 hujusmodi
763 3098 1042 3167 presumptorem
1064 3088 1241 3167 potestatis
1264 3089 1472 3169 honorisque
1494 3091 1548 3152 sui
1571 3091 1695 3174 digni·
1726 3111 1763 3150 ιο

539 3200 609 3254 tate
634 3195 767 3250 censeat
794 3187 1015 3267 privandum,
1041 3198 1101 3250 aut
1124 3189 1163 3260 si,
1187 3190 1278 3270 quod
1303 3191 1495 3266 verebatur,
1519 3195 1695 3260 manibus

540 3291 674 3354 Otberti
687 3309 722 3352 se
736 3289 956 3351 submitteret
971 3291 1253 3353 consecrandum.
1269 3290 1368 3367 Quod
1385 3291 1442 3354 ille
1456 3294 1693 3373 presentiens,

540 3393 684 3454 Otberto
707 3391 996 3451 consecrationem
1019 3408 1119 3451 suam
1141 3389 1295 3453 offerenti
1314 3392 1528 3473 aliquamdiu
1548 3411 1586 3456 se
1603 3399 1695 3461 sub-

540 3495 652 3560 duxit.
674 3503 781 3573 utque
801 3493 911 3554 tutius
931 3492 1053 3554 vitaret
1075 3492 1211 3571 pondus
1232 3493 1441 3557 necessitatis
1459 3495 1502 3556 de
1522 3497 1695 3576 proximo

541 3594 768 3666 imminentis,
787 3593 965 3654 Franciam
981 3592 1132 3665 divertit,
1150 3601 1182 3653 et
1197 3594 1288 3672 apud
1307 3594 1539 3656 Ebernensem
1557 3596 1690 3660 cellam
1728 3617 1761 3666 ις

541 3695 669 3756 morari
698 3694 798 3774 cepit.
826 3692 991 3755 Otbertns
1019 3694 1124 3770 hujus
1152 3694 1388 3756 subductionis
1417 3693 1499 3757 satis
1527 3698 1695 3762 conscius

541 3797 761 3875 attemptavit
781 3813 860 3856 eum
882 3795 1042 3855 inducere
1062 3803 1158 3856 tanto
1178 3792 1307 3856 facilius
1327 3804 1457 3876 quanto
1475 3805 1510 3857 et
1527 3798 1694 3877 suavius,

540 3915 581 3958 ex
604 3915 666 3956 sun
688 3894 881 3974 conjectans
901 3896 1050 3975 ingenio,
1073 3904 1110 3957 ut
1130 3913 1201 3957 sese
1220 3913 1273 3957 res
1295 3895 1452 3970 habebat,
1474 3896 1564 3958 nolle
1582 3897 1692 3962 illum

541 3995 637 4059 facile
656 3998 725 4075 jam
744 4014 857 4057 carere
877 3996 982 4058 semel
997 3998 1170 4077 degustati
1185 3998 1327 4060 honoris
1345 3997 1568 4077 experientia,
1584 4001 1692 4081 cujus

540 4099 672 4161 donum
699 4097 733 4158 in
759 4098 955 4177 accipiendo
980 4106 1194 4160 recusaverat
1219 4099 1261 4160 de
1286 4117 1392 4162 manu
1417 4099 1502 4179 ejus,
1525 4117 1595 4181 que
1620 4103 1692 4166 sibi
1724 4125 1759 4174 ,ιο

572 4315 599 4348 a.
619 4297 698 4346 Ham
711 4299 747 4350 .l‚
763 4313 795 4345 aa
808 4296 840 4346 lit
857 4296 1017 4346 voluntates
1035 4311 1131 4360 regum
1150 4305 1178 4347 ut
1196 4297 1301 4347 dicitnr
1315 4300 1417 4362 corrige
1432 4313 1533 4348 comme
1547 4299 1690 4358 ci-dessns.

573 4413 605 4419 —
623 4383 646 4435 l.
667 4383 838 4434 reiciendum
853 4383 889 4433 A.

541 4540 832 4551 ---.--

575 4664 582 4690 ¹
605 4655 643 4706 ln·
655 4658 847 4722 elnnniqneur
863 4657 908 4707 snit
921 4658 1042 4708 allusion
1055 4662 1069 4707 ir
1083 4658 1108 4708 la
1122 4659 1199 4710 bulla·
1211 4659 1346 4709 ei-dessus
1360 4658 1533 4724 reproduile,
1547 4675 1597 4727 pp.
1611 4663 1642 4713 81
1658 4671 1686 4714 et

538 4743 622 4803 suiv,
641 4753 666 4790 vt
689 4743 945 4807 partnulii-numni
964 4748 978 4793 ir
997 4761 1042 4795 ces¹
1062 4755 1135 4794 unns
1153 4746 1188 4796 de
1207 4746 1231 4796 la
1251 4745 1329 4796 bulle
1343 4760 1350 4796 τ
1365 4745 1467 4812 Siquis
1479 4773 1512 4782 -
1523 4773 1557 4783 -
1572 4775 1604 4784 -
1615 4745 1688 4799 hanc

537 4831 730 4878 rnrrtlr'lalr'anis
752 4838 832 4878 ›vostr‹
854 4834 983 4896 papinum
1004 4841 1179 4894 agitatre-ntis,
1203 4841 1294 4882 sonna
1314 4849 1372 4883 carn
1395 4833 1484 4883 neuin
1501 4833 1684 4898 temptat-erit,
1720 4853 1753 4904 35

533 4920 668 4985 polanam
681 4918 837 4984 lautorisque
849 4921 893 4967 ,nri
903 4920 1032 4982 dignitate
1042 4926 1141 4968 clareat.
