<?xml version="1.0" encoding="UTF-8"?>
<!DOCTYPE html PUBLIC "-//W3C//DTD XHTML 1.0 Transitional//EN"
    "http://www.w3.org/TR/xhtml1/DTD/xhtml1-transitional.dtd">
<html xmlns="http://www.w3.org/1999/xhtml" xml:lang="en" lang="en">
 <head>
  <title>
</title>
<meta http-equiv="Content-Type" content="text/html;charset=utf-8" />
  <meta name='ocr-system' content='tesseract 3.04.00' />
  <meta name='ocr-capabilities' content='ocr_page ocr_carea ocr_par ocr_line ocrx_word'/>
</head>
<body>
  <div class='ocr_page' id='page_1' title='image "./lachroniquedesa00minogoog_0263.png"; bbox 0 0 4450 6125; ppageno 0'>
   <div class='ocr_carea' id='block_1_1' title="bbox 818 907 1579 995">
    <p class='ocr_par' dir='ltr' id='par_1_1' title="bbox 818 907 1579 995">
     <span class='ocr_line' id='line_1_1' title="bbox 818 907 1579 995; baseline -0.017 1"><span class='ocrx_word' id='word_1_1' title='bbox 818 912 972 995; x_wconf 79' lang='lat' dir='ltr'><strong><em>Sancti</em></strong></span> <span class='ocrx_word' id='word_1_2' title='bbox 1002 907 1215 992; x_wconf 75' lang='lat' dir='ltr'><strong>Habent.</strong></span> <span class='ocrx_word' id='word_1_3' title='bbox 1504 930 1579 984; x_wconf 83' lang='lat' dir='ltr'><strong>aot</strong></span> 
     </span>
    </p>
   </div>
   <div class='ocr_carea' id='block_1_2' title="bbox 377 1198 1652 4223">
    <p class='ocr_par' dir='ltr' id='par_1_2' title="bbox 377 1198 1652 4223">
     <span class='ocr_line' id='line_1_2' title="bbox 446 1198 1584 1290; baseline -0.01 -19"><span class='ocrx_word' id='word_1_4' title='bbox 446 1208 589 1271; x_wconf 88' lang='lat' dir='ltr'><strong>busdam</strong></span> <span class='ocrx_word' id='word_1_5' title='bbox 611 1208 756 1290; x_wconf 81' lang='lat' dir='ltr'><strong>negotiis</strong></span> <span class='ocrx_word' id='word_1_6' title='bbox 775 1208 924 1283; x_wconf 85' lang='lat' dir='ltr'><strong>ecclesie,</strong></span> <span class='ocrx_word' id='word_1_7' title='bbox 941 1226 1021 1271; x_wconf 90' lang='lat' dir='ltr'><strong>cum</strong></span> <span class='ocrx_word' id='word_1_8' title='bbox 1043 1206 1237 1286; x_wconf 87' lang='lat' dir='ltr'><strong>predictum</strong></span> <span class='ocrx_word' id='word_1_9' title='bbox 1255 1204 1413 1266; x_wconf 83' lang='lat' dir='ltr'><strong>abbatem</strong></span> <span class='ocrx_word' id='word_1_10' title='bbox 1429 1198 1584 1263; x_wconf 85' lang='lat' dir='ltr'><strong>infirma·</strong></span> 
     </span>
     <span class='ocr_line' id='line_1_3' title="bbox 444 1301 1583 1392; baseline -0.01 -18"><span class='ocrx_word' id='word_1_11' title='bbox 444 1321 520 1374; x_wconf 93' lang='lat' dir='ltr'><strong>tum</strong></span> <span class='ocrx_word' id='word_1_12' title='bbox 539 1310 701 1381; x_wconf 84' lang='lat' dir='ltr'><strong>audisset,</strong></span> <span class='ocrx_word' id='word_1_13' title='bbox 723 1309 754 1372; x_wconf 96' lang='lat' dir='ltr'><strong>ei</strong></span> <span class='ocrx_word' id='word_1_14' title='bbox 773 1310 870 1392; x_wconf 85' lang='lat' dir='ltr'>quasi</span> <span class='ocrx_word' id='word_1_15' title='bbox 890 1307 1199 1379; x_wconf 83' lang='lat' dir='ltr'><strong>excommunicato,</strong></span> <span class='ocrx_word' id='word_1_16' title='bbox 1216 1307 1243 1368; x_wconf 92' lang='lat' dir='ltr'><strong>si</strong></span> <span class='ocrx_word' id='word_1_17' title='bbox 1260 1311 1462 1376; x_wconf 90' lang='lat' dir='ltr'><strong>moreretur,</strong></span> <span class='ocrx_word' id='word_1_18' title='bbox 1480 1301 1583 1363; x_wconf 89' lang='lat' dir='ltr'><strong>inter·</strong></span> 
     </span>
     <span class='ocr_line' id='line_1_4' title="bbox 442 1404 1585 1490; baseline -0.009 -16"><span class='ocrx_word' id='word_1_19' title='bbox 442 1412 530 1474; x_wconf 81' lang='lat' dir='ltr'>dixit</span> <span class='ocrx_word' id='word_1_20' title='bbox 549 1409 697 1473; x_wconf 83' lang='lat' dir='ltr'>fratrum</span> <span class='ocrx_word' id='word_1_21' title='bbox 716 1411 930 1490; x_wconf 82' lang='lat' dir='ltr'><strong>sepulturam</strong></span> <span class='ocrx_word' id='word_1_22' title='bbox 951 1427 1185 1480; x_wconf 88' lang='lat' dir='ltr'><strong>communem,</strong></span> <span class='ocrx_word' id='word_1_23' title='bbox 1203 1407 1266 1468; x_wconf 88' lang='lat' dir='ltr'><strong>nisi</strong></span> <span class='ocrx_word' id='word_1_24' title='bbox 1286 1406 1352 1468; x_wconf 90' lang='lat' dir='ltr'>sibi</span> <span class='ocrx_word' id='word_1_25' title='bbox 1374 1413 1412 1467; x_wconf 93' lang='lat' dir='ltr'><strong>ut</strong></span> <span class='ocrx_word' id='word_1_26' title='bbox 1426 1404 1585 1484; x_wconf 90' lang='lat' dir='ltr'><strong>episcopo</strong></span> 
     </span>
     <span class='ocr_line' id='line_1_5' title="bbox 442 1502 1582 1574; baseline -0.009 0"><span class='ocrx_word' id='word_1_27' title='bbox 442 1529 506 1574; x_wconf 92' lang='lat' dir='ltr'><strong>suo</strong></span> <span class='ocrx_word' id='word_1_28' title='bbox 530 1511 736 1574; x_wconf 76' lang='lat' dir='ltr'><strong>satisfaceret</strong></span> <span class='ocrx_word' id='word_1_29' title='bbox 762 1513 813 1572; x_wconf 87' lang='lat' dir='ltr'><strong>vel</strong></span> <span class='ocrx_word' id='word_1_30' title='bbox 840 1512 1122 1573; x_wconf 85' lang='lat' dir='ltr'><strong>communicaret.</strong></span> <span class='ocrx_word' id='word_1_31' title='bbox 1150 1511 1263 1572; x_wconf 76' lang='lat' dir='ltr'><strong>Abbas</strong></span> <span class='ocrx_word' id='word_1_32' title='bbox 1289 1519 1403 1569; x_wconf 87' lang='lat' dir='ltr'><strong>tamen</strong></span> <span class='ocrx_word' id='word_1_33' title='bbox 1424 1523 1464 1567; x_wconf 87' lang='lat' dir='ltr'><strong>ex</strong></span> <span class='ocrx_word' id='word_1_34' title='bbox 1487 1502 1582 1565; x_wconf 84' lang='lat' dir='ltr'><strong>infir·</strong></span> 
     </span>
     <span class='ocr_line' id='line_1_6' title="bbox 401 1610 1582 1689; baseline -0.01 -11"><span class='ocrx_word' id='word_1_35' title='bbox 401 1636 416 1689; x_wconf 76' lang='grc' dir='ltr'><strong>ς</strong></span> <span class='ocrx_word' id='word_1_36' title='bbox 445 1614 564 1677; x_wconf 88' lang='lat' dir='ltr'><strong>mitate</strong></span> <span class='ocrx_word' id='word_1_37' title='bbox 587 1613 773 1682; x_wconf 83' lang='lat' dir='ltr'><strong>convaluit,</strong></span> <span class='ocrx_word' id='word_1_38' title='bbox 797 1624 830 1674; x_wconf 91' lang='lat' dir='ltr'><strong>et</strong></span> <span class='ocrx_word' id='word_1_39' title='bbox 854 1614 984 1674; x_wconf 88' lang='lat' dir='ltr'><strong>malitie</strong></span> <span class='ocrx_word' id='word_1_40' title='bbox 1006 1610 1140 1673; x_wconf 90' lang='lat' dir='ltr'><strong>Otberti</strong></span> <span class='ocrx_word' id='word_1_41' title='bbox 1162 1611 1347 1672; x_wconf 74' lang='lat' dir='ltr'><strong>adversum</strong></span> <span class='ocrx_word' id='word_1_42' title='bbox 1368 1624 1403 1669; x_wconf 89' lang='lat' dir='ltr'><strong>se</strong></span> <span class='ocrx_word' id='word_1_43' title='bbox 1423 1623 1582 1668; x_wconf 89' lang='lat' dir='ltr'><strong>consum·</strong></span> 
     </span>
     <span class='ocr_line' id='line_1_7' title="bbox 444 1707 1582 1794; baseline -0.006 -21"><span class='ocrx_word' id='word_1_44' title='bbox 444 1722 535 1774; x_wconf 88' lang='lat' dir='ltr'><strong>mate</strong></span> <span class='ocrx_word' id='word_1_45' title='bbox 565 1722 661 1774; x_wconf 86' lang='lat' dir='ltr'><strong>tauto</strong></span> <span class='ocrx_word' id='word_1_46' title='bbox 689 1712 852 1779; x_wconf 84' lang='lat' dir='ltr'><strong>securior,</strong></span> <span class='ocrx_word' id='word_1_47' title='bbox 878 1724 1008 1794; x_wconf 89' lang='lat' dir='ltr'><strong>quanto</strong></span> <span class='ocrx_word' id='word_1_48' title='bbox 1032 1720 1067 1775; x_wconf 88' lang='lat' dir='ltr'><strong>et</strong></span> <span class='ocrx_word' id='word_1_49' title='bbox 1091 1714 1226 1784; x_wconf 85' lang='lat' dir='ltr'><strong>certior,</strong></span> <span class='ocrx_word' id='word_1_50' title='bbox 1255 1713 1341 1771; x_wconf 81' lang='lat' dir='ltr'><strong>hanc</strong></span> <span class='ocrx_word' id='word_1_51' title='bbox 1365 1707 1582 1787; x_wconf 89' lang='lat' dir='ltr'><strong>epistolarem</strong></span> 
     </span>
     <span class='ocr_line' id='line_1_8' title="bbox 441 1813 1581 1895; baseline -0.006 -20"><span class='ocrx_word' id='word_1_52' title='bbox 441 1813 633 1894; x_wconf 87' lang='lat' dir='ltr'><strong>apologiam</strong></span> <span class='ocrx_word' id='word_1_53' title='bbox 653 1814 791 1891; x_wconf 83' lang='lat' dir='ltr'><strong>scripsit</strong></span> <span class='ocrx_word' id='word_1_54' title='bbox 810 1815 948 1876; x_wconf 87' lang='lat' dir='ltr'><strong>ecclesie</strong></span> <span class='ocrx_word' id='word_1_55' title='bbox 970 1814 1161 1883; x_wconf 83' lang='lat' dir='ltr'><strong>Leodiensi,</strong></span> <span class='ocrx_word' id='word_1_56' title='bbox 1178 1814 1296 1895; x_wconf 87' lang='lat' dir='ltr'><strong>inqua</strong></span> <span class='ocrx_word' id='word_1_57' title='bbox 1317 1829 1352 1873; x_wconf 91' lang='lat' dir='ltr'><strong>se</strong></span> <span class='ocrx_word' id='word_1_58' title='bbox 1373 1827 1433 1872; x_wconf 90' lang='lat' dir='ltr'><strong>nec</strong></span> <span class='ocrx_word' id='word_1_59' title='bbox 1447 1826 1581 1870; x_wconf 82' lang='lat' dir='ltr'><strong>encom-</strong></span> 
     </span>
     <span class='ocr_line' id='line_1_9' title="bbox 442 1909 1580 1997; baseline -0.005 -23"><span class='ocrx_word' id='word_1_60' title='bbox 442 1915 657 1976; x_wconf 89' lang='lat' dir='ltr'><strong>municatum</strong></span> <span class='ocrx_word' id='word_1_61' title='bbox 680 1915 849 1993; x_wconf 84' lang='lat' dir='ltr'><strong>probavit,</strong></span> <span class='ocrx_word' id='word_1_62' title='bbox 873 1932 933 1977; x_wconf 90' lang='lat' dir='ltr'><strong>nec</strong></span> <span class='ocrx_word' id='word_1_63' title='bbox 952 1932 1176 1997; x_wconf 89' lang='lat' dir='ltr'><strong>quemquam,</strong></span> <span class='ocrx_word' id='word_1_64' title='bbox 1202 1913 1265 1975; x_wconf 91' lang='lat' dir='ltr'><strong>nisi</strong></span> <span class='ocrx_word' id='word_1_65' title='bbox 1288 1911 1389 1991; x_wconf 88' lang='lat' dir='ltr'><strong>culpa</strong></span> <span class='ocrx_word' id='word_1_66' title='bbox 1413 1909 1580 1990; x_wconf 78' lang='lat' dir='ltr'><strong>exigente,</strong></span> 
     </span>
     <span class='ocr_line' id='line_1_10' title="bbox 442 2016 857 2094; baseline -0.007 -18"><span class='ocrx_word' id='word_1_67' title='bbox 442 2033 538 2094; x_wconf 86' lang='lat' dir='ltr'><strong>posse</strong></span> <span class='ocrx_word' id='word_1_68' title='bbox 554 2016 857 2078; x_wconf 79' lang='lat' dir='ltr'><strong>excommunicari.</strong></span> 
     </span>
     <span class='ocr_line' id='line_1_11' title="bbox 383 2113 1580 2197; baseline -0.005 -20"><span class='ocrx_word' id='word_1_69' title='bbox 383 2144 414 2182; x_wconf 73' lang='grc' dir='ltr'><strong>ιο</strong></span> <span class='ocrx_word' id='word_1_70' title='bbox 483 2116 568 2178; x_wconf 90' lang='lat' dir='ltr'><strong>Cum</strong></span> <span class='ocrx_word' id='word_1_71' title='bbox 598 2116 730 2176; x_wconf 88' lang='lat' dir='ltr'><strong>nultum</strong></span> <span class='ocrx_word' id='word_1_72' title='bbox 760 2119 886 2177; x_wconf 87' lang='lat' dir='ltr'><strong>crimen</strong></span> <span class='ocrx_word' id='word_1_73' title='bbox 915 2118 1121 2179; x_wconf 82' lang='lat' dir='ltr'><strong>anathemate</strong></span> <span class='ocrx_word' id='word_1_74' title='bbox 1148 2113 1321 2197; x_wconf 81' lang='lat' dir='ltr'><strong>[dignum]</strong></span> <span class='ocrx_word' id='word_1_75' title='bbox 1347 2113 1580 2180; x_wconf 78' lang='lat' dir='ltr'><strong>commiserim,</strong></span> 
     </span>
     <span class='ocr_line' id='line_1_12' title="bbox 442 2212 1579 2297; baseline -0.007 -17"><span class='ocrx_word' id='word_1_76' title='bbox 442 2220 562 2297; x_wconf 82' lang='lat' dir='ltr'><strong>injuste</strong></span> <span class='ocrx_word' id='word_1_77' title='bbox 577 2236 626 2278; x_wconf 91' lang='lat' dir='ltr'><strong>me</strong></span> <span class='ocrx_word' id='word_1_78' title='bbox 639 2221 961 2281; x_wconf 86' lang='lat' dir='ltr'><strong>excommunicatum</strong></span> <span class='ocrx_word' id='word_1_79' title='bbox 977 2221 1145 2281; x_wconf 78' lang='lat' dir='ltr'><strong>liberrime</strong></span> <span class='ocrx_word' id='word_1_80' title='bbox 1159 2218 1315 2294; x_wconf 62' lang='lat' dir='ltr'><strong>aetenam·</strong></span> <span class='ocrx_word' id='word_1_81' title='bbox 1330 2216 1409 2295; x_wconf 85' lang='lat' dir='ltr'><strong>quia</strong></span> <span class='ocrx_word' id='word_1_82' title='bbox 1433 2232 1489 2274; x_wconf 91' lang='lat' dir='ltr'><strong>nec</strong></span> <span class='ocrx_word' id='word_1_83' title='bbox 1509 2212 1579 2287; x_wconf 74' lang='lat' dir='ltr'><strong>sur,</strong></span> 
     </span>
     <span class='ocr_line' id='line_1_13' title="bbox 440 2316 1581 2399; baseline -0.008 -17"><span class='ocrx_word' id='word_1_84' title='bbox 440 2340 495 2382; x_wconf 89' lang='lat' dir='ltr'><strong>nec</strong></span> <span class='ocrx_word' id='word_1_85' title='bbox 519 2320 704 2398; x_wconf 82' lang='lat' dir='ltr'><strong>sacrilegus</strong></span> <span class='ocrx_word' id='word_1_86' title='bbox 729 2338 815 2391; x_wconf 91' lang='lat' dir='ltr'><strong>sum,</strong></span> <span class='ocrx_word' id='word_1_87' title='bbox 844 2321 893 2380; x_wconf 80' lang='lat' dir='ltr'><strong>ret</strong></span> <span class='ocrx_word' id='word_1_88' title='bbox 919 2321 982 2394; x_wconf 77' lang='lat' dir='ltr'><strong>tui,</strong></span> <span class='ocrx_word' id='word_1_89' title='bbox 1010 2323 1080 2397; x_wconf 81' lang='lat' dir='ltr'><strong>ejus</strong></span> <span class='ocrx_word' id='word_1_90' title='bbox 1104 2320 1231 2382; x_wconf 83' lang='lat' dir='ltr'><strong>ecclesie</strong></span> <span class='ocrx_word' id='word_1_91' title='bbox 1255 2337 1354 2399; x_wconf 76' lang='lat' dir='ltr'><strong>quam</strong></span> <span class='ocrx_word' id='word_1_92' title='bbox 1383 2316 1446 2377; x_wconf 88' lang='lat' dir='ltr'><strong>Dei</strong></span> <span class='ocrx_word' id='word_1_93' title='bbox 1468 2316 1581 2394; x_wconf 77' lang='lat' dir='ltr'><strong>gratia</strong></span> 
     </span>
     <span class='ocr_line' id='line_1_14' title="bbox 441 2418 1581 2503; baseline -0.004 -21"><span class='ocrx_word' id='word_1_94' title='bbox 441 2441 531 2502; x_wconf 79' lang='lat' dir='ltr'><strong>rego,</strong></span> <span class='ocrx_word' id='word_1_95' title='bbox 549 2439 653 2501; x_wconf 71' lang='lat' dir='ltr'><strong>neque</strong></span> <span class='ocrx_word' id='word_1_96' title='bbox 665 2421 830 2482; x_wconf 85' lang='lat' dir='ltr'><strong>ecclesiam</strong></span> <span class='ocrx_word' id='word_1_97' title='bbox 847 2423 1014 2503; x_wconf 80' lang='lat' dir='ltr'><strong>aliquibus</strong></span> <span class='ocrx_word' id='word_1_98' title='bbox 1029 2426 1099 2485; x_wconf 88' lang='lat' dir='ltr'><strong>suis</strong></span> <span class='ocrx_word' id='word_1_99' title='bbox 1121 2423 1217 2483; x_wconf 86' lang='lat' dir='ltr'><strong>rebus</strong></span> <span class='ocrx_word' id='word_1_100' title='bbox 1238 2421 1389 2497; x_wconf 77' lang='lat' dir='ltr'><strong>spoliavi,</strong></span> <span class='ocrx_word' id='word_1_101' title='bbox 1413 2436 1469 2478; x_wconf 88' lang='lat' dir='ltr'><strong>nec</strong></span> <span class='ocrx_word' id='word_1_102' title='bbox 1489 2418 1581 2497; x_wconf 86' lang='lat' dir='ltr'><strong>quic·</strong></span> 
     </span>
     <span class='ocr_line' id='line_1_15' title="bbox 439 2520 1579 2603; baseline -0.004 -21"><span class='ocrx_word' id='word_1_103' title='bbox 439 2541 540 2603; x_wconf 85' lang='lat' dir='ltr'><strong>quam</strong></span> <span class='ocrx_word' id='word_1_104' title='bbox 562 2524 600 2581; x_wconf 81' lang='lat' dir='ltr'><strong>de</strong></span> <span class='ocrx_word' id='word_1_105' title='bbox 619 2521 733 2597; x_wconf 73' lang='lat' dir='ltr'><strong>tundis</strong></span> <span class='ocrx_word' id='word_1_106' title='bbox 755 2522 824 2600; x_wconf 87' lang='lat' dir='ltr'><strong>ejus</strong></span> <span class='ocrx_word' id='word_1_107' title='bbox 845 2531 904 2583; x_wconf 92' lang='lat' dir='ltr'><strong>aut</strong></span> <span class='ocrx_word' id='word_1_108' title='bbox 926 2526 1068 2595; x_wconf 71' lang='lat' dir='ltr'><strong>vendidi,</strong></span> <span class='ocrx_word' id='word_1_109' title='bbox 1088 2529 1147 2583; x_wconf 89' lang='lat' dir='ltr'><strong>aut</strong></span> <span class='ocrx_word' id='word_1_110' title='bbox 1161 2523 1321 2591; x_wconf 75' lang='lat' dir='ltr'><strong>distraxi,</strong></span> <span class='ocrx_word' id='word_1_111' title='bbox 1337 2526 1396 2582; x_wconf 91' lang='lat' dir='ltr'><strong>aut</strong></span> <span class='ocrx_word' id='word_1_112' title='bbox 1410 2520 1579 2597; x_wconf 82' lang='lat' dir='ltr'><strong>cuiquam,</strong></span> 
     </span>
     <span class='ocr_line' id='line_1_16' title="bbox 383 2620 1581 2704; baseline -0.007 -17"><span class='ocrx_word' id='word_1_113' title='bbox 383 2649 411 2700; x_wconf 74' lang='grc' dir='ltr'><strong>ις</strong></span> <span class='ocrx_word' id='word_1_114' title='bbox 439 2625 527 2704; x_wconf 73' lang='lat' dir='ltr'><strong>quoi</strong></span> <span class='ocrx_word' id='word_1_115' title='bbox 557 2624 592 2683; x_wconf 85' lang='lat' dir='ltr'><strong>in</strong></span> <span class='ocrx_word' id='word_1_116' title='bbox 621 2640 671 2682; x_wconf 88' lang='lat' dir='ltr'><strong>me</strong></span> <span class='ocrx_word' id='word_1_117' title='bbox 696 2620 774 2695; x_wconf 78' lang='lat' dir='ltr'><strong>suit,</strong></span> <span class='ocrx_word' id='word_1_118' title='bbox 799 2642 963 2699; x_wconf 86' lang='lat' dir='ltr'><strong>usurpare</strong></span> <span class='ocrx_word' id='word_1_119' title='bbox 985 2626 1123 2702; x_wconf 83' lang='lat' dir='ltr'><strong>permisi</strong></span> <span class='ocrx_word' id='word_1_120' title='bbox 1139 2626 1159 2685; x_wconf 85' lang='lat'><strong>¹.</strong></span> <span class='ocrx_word' id='word_1_121' title='bbox 1186 2625 1249 2684; x_wconf 77' lang='lat' dir='ltr'><strong>Sca</strong></span> <span class='ocrx_word' id='word_1_122' title='bbox 1270 2642 1344 2684; x_wconf 93' lang='lat' dir='ltr'><strong>cum</strong></span> <span class='ocrx_word' id='word_1_123' title='bbox 1365 2623 1507 2683; x_wconf 77' lang='lat' dir='ltr'><strong>viderem</strong></span> <span class='ocrx_word' id='word_1_124' title='bbox 1529 2637 1581 2679; x_wconf 86' lang='lat' dir='ltr'><strong>res</strong></span> 
     </span>
     <span class='ocr_line' id='line_1_17' title="bbox 441 2719 1577 2801; baseline -0.003 -17"><span class='ocrx_word' id='word_1_125' title='bbox 441 2725 587 2784; x_wconf 88' lang='lat' dir='ltr'><strong>aliarum</strong></span> <span class='ocrx_word' id='word_1_126' title='bbox 613 2723 823 2783; x_wconf 86' lang='lat' dir='ltr'><strong>ecclesiarum</strong></span> <span class='ocrx_word' id='word_1_127' title='bbox 851 2745 870 2784; x_wconf 95' lang='lat' dir='ltr'><strong>a</strong></span> <span class='ocrx_word' id='word_1_128' title='bbox 902 2729 973 2787; x_wconf 89' lang='lat' dir='ltr'><strong>suis</strong></span> <span class='ocrx_word' id='word_1_129' title='bbox 997 2726 1212 2801; x_wconf 83' lang='lat' dir='ltr'><strong>emptoribus,</strong></span> <span class='ocrx_word' id='word_1_130' title='bbox 1240 2726 1298 2785; x_wconf 81' lang='lat' dir='ltr'><strong>hoc</strong></span> <span class='ocrx_word' id='word_1_131' title='bbox 1322 2729 1418 2795; x_wconf 89' lang='lat' dir='ltr'><strong>est,a</strong></span> <span class='ocrx_word' id='word_1_132' title='bbox 1449 2719 1577 2781; x_wconf 84' lang='lat' dir='ltr'><strong>Wotbo·</strong></span> 
     </span>
     <span class='ocr_line' id='line_1_18' title="bbox 439 2821 1580 2898; baseline -0.003 -14"><span class='ocrx_word' id='word_1_133' title='bbox 439 2827 522 2885; x_wconf 81' lang='lat' dir='ltr'><strong>done</strong></span> <span class='ocrx_word' id='word_1_134' title='bbox 536 2834 563 2894; x_wconf 80' lang='lat'><strong>⁰,</strong></span> <span class='ocrx_word' id='word_1_135' title='bbox 581 2821 785 2898; x_wconf 81' lang='lat' dir='ltr'><strong>Leupoeione,</strong></span> <span class='ocrx_word' id='word_1_136' title='bbox 804 2824 996 2897; x_wconf 83' lang='lat' dir='ltr'><strong>Gisleberto,</strong></span> <span class='ocrx_word' id='word_1_137' title='bbox 1020 2827 1243 2887; x_wconf 74' lang='lat' dir='ltr'><strong>Warimuudo</strong></span> <span class='ocrx_word' id='word_1_138' title='bbox 1256 2825 1266 2851; x_wconf 91' lang='lat'><strong>¹</strong></span> <span class='ocrx_word' id='word_1_139' title='bbox 1278 2824 1363 2884; x_wconf 88' lang='lat' dir='ltr'><strong>mate</strong></span> <span class='ocrx_word' id='word_1_140' title='bbox 1373 2823 1491 2897; x_wconf 77' lang='lat' dir='ltr'><strong>diripi,</strong></span> <span class='ocrx_word' id='word_1_141' title='bbox 1504 2827 1534 2883; x_wconf 91' lang='lat' dir='ltr'><strong>et</strong></span> <span class='ocrx_word' id='word_1_142' title='bbox 1545 2821 1580 2881; x_wconf 91' lang='lat' dir='ltr'><strong>in</strong></span> 
     </span>
     <span class='ocr_line' id='line_1_19' title="bbox 439 2925 1581 3001; baseline -0.003 -16"><span class='ocrx_word' id='word_1_143' title='bbox 439 2927 581 3001; x_wconf 88' lang='lat' dir='ltr'><strong>pretium</strong></span> <span class='ocrx_word' id='word_1_144' title='bbox 597 2925 797 2986; x_wconf 67' lang='lat' dir='ltr'><strong>simoniacet</strong></span> <span class='ocrx_word' id='word_1_145' title='bbox 812 2945 870 2986; x_wconf 86' lang='lat' dir='ltr'><strong>sue</strong></span> <span class='ocrx_word' id='word_1_146' title='bbox 885 2929 1071 2989; x_wconf 79' lang='lat' dir='ltr'><strong>venalitatis</strong></span> <span class='ocrx_word' id='word_1_147' title='bbox 1086 2931 1223 3001; x_wconf 84' lang='lat' dir='ltr'><strong>pessime</strong></span> <span class='ocrx_word' id='word_1_148' title='bbox 1236 2926 1393 3000; x_wconf 80' lang='lat' dir='ltr'><strong>distrahi,</strong></span> <span class='ocrx_word' id='word_1_149' title='bbox 1409 2925 1526 2985; x_wconf 89' lang='lat' dir='ltr'><strong>timens</strong></span> <span class='ocrx_word' id='word_1_150' title='bbox 1542 2941 1581 2983; x_wconf 89' lang='lat' dir='ltr'><strong>ne</strong></span> 
     </span>
     <span class='ocr_line' id='line_1_20' title="bbox 437 3026 1578 3107; baseline -0.004 -18"><span class='ocrx_word' id='word_1_151' title='bbox 437 3027 594 3089; x_wconf 86' lang='lat' dir='ltr'><strong>similiter</strong></span> <span class='ocrx_word' id='word_1_152' title='bbox 607 3026 772 3106; x_wconf 83' lang='lat' dir='ltr'><strong>abaliquo</strong></span> <span class='ocrx_word' id='word_1_153' title='bbox 784 3046 956 3098; x_wconf 82' lang='lat' dir='ltr'><strong>pervasore</strong></span> <span class='ocrx_word' id='word_1_154' title='bbox 971 3049 1021 3091; x_wconf 86' lang='lat' dir='ltr'><strong>res</strong></span> <span class='ocrx_word' id='word_1_155' title='bbox 1036 3031 1166 3093; x_wconf 86' lang='lat' dir='ltr'><strong>ecclesie</strong></span> <span class='ocrx_word' id='word_1_156' title='bbox 1180 3035 1290 3093; x_wconf 86' lang='lat' dir='ltr'><strong>nostre</strong></span> <span class='ocrx_word' id='word_1_157' title='bbox 1299 3027 1578 3107; x_wconf 75' lang='lat' dir='ltr'><strong>dilapidarentur,</strong></span> 
     </span>
     <span class='ocr_line' id='line_1_21' title="bbox 379 3127 1580 3212; baseline -0.005 -18"><span class='ocrx_word' id='word_1_158' title='bbox 379 3156 412 3194; x_wconf 81' lang='lat' dir='ltr'><strong>ao</strong></span> <span class='ocrx_word' id='word_1_159' title='bbox 437 3129 575 3191; x_wconf 88' lang='lat' dir='ltr'><strong>consitio</strong></span> <span class='ocrx_word' id='word_1_160' title='bbox 588 3127 761 3204; x_wconf 75' lang='lat' dir='ltr'><strong>Gotesritti</strong></span> <span class='ocrx_word' id='word_1_161' title='bbox 773 3130 867 3191; x_wconf 76' lang='lat' dir='ltr'><strong>aucas</strong></span> <span class='ocrx_word' id='word_1_162' title='bbox 882 3132 1092 3212; x_wconf 82' lang='lat' dir='ltr'><strong>aliorumque</strong></span> <span class='ocrx_word' id='word_1_163' title='bbox 1105 3134 1327 3208; x_wconf 86' lang='lat' dir='ltr'><strong>sapientium‘</strong></span> <span class='ocrx_word' id='word_1_164' title='bbox 1342 3131 1505 3202; x_wconf 82' lang='lat' dir='ltr'><strong>uirorum,</strong></span> <span class='ocrx_word' id='word_1_165' title='bbox 1521 3130 1580 3208; x_wconf 87' lang='lat' dir='ltr'><strong>qui</strong></span> 
     </span>
     <span class='ocr_line' id='line_1_22' title="bbox 438 3231 1581 3312; baseline -0.003 -20"><span class='ocrx_word' id='word_1_166' title='bbox 438 3233 526 3312; x_wconf 73' lang='lat' dir='ltr'><strong>quod</strong></span> <span class='ocrx_word' id='word_1_167' title='bbox 548 3237 655 3307; x_wconf 86' lang='lat' dir='ltr'><strong>postea</strong></span> <span class='ocrx_word' id='word_1_168' title='bbox 675 3231 793 3290; x_wconf 74' lang='lat' dir='ltr'><strong>accidit</strong></span> <span class='ocrx_word' id='word_1_169' title='bbox 815 3233 1017 3303; x_wconf 83' lang='lat' dir='ltr'><strong>verebantur,</strong></span> <span class='ocrx_word' id='word_1_170' title='bbox 1035 3242 1159 3309; x_wconf 84' lang='lat' dir='ltr'><strong>partem</strong></span> <span class='ocrx_word' id='word_1_171' title='bbox 1186 3235 1342 3305; x_wconf 81' lang='lat' dir='ltr'><strong>thesauri,</strong></span> <span class='ocrx_word' id='word_1_172' title='bbox 1359 3234 1416 3294; x_wconf 87' lang='lat' dir='ltr'><strong>cui</strong></span> <span class='ocrx_word' id='word_1_173' title='bbox 1440 3231 1581 3291; x_wconf 80' lang='lat' dir='ltr'><strong>maxime</strong></span> 
     </span>
     <span class='ocr_line' id='line_1_23' title="bbox 440 3331 1578 3411; baseline 0 -20"><span class='ocrx_word' id='word_1_174' title='bbox 440 3332 601 3403; x_wconf 81' lang='lat' dir='ltr'><strong>timebam,</strong></span> <span class='ocrx_word' id='word_1_175' title='bbox 619 3332 861 3410; x_wconf 75' lang='lat' dir='ltr'><strong>egredientibus</strong></span> <span class='ocrx_word' id='word_1_176' title='bbox 883 3352 1007 3394; x_wconf 87' lang='lat' dir='ltr'><strong>mecum</strong></span> <span class='ocrx_word' id='word_1_177' title='bbox 1031 3336 1070 3394; x_wconf 82' lang='lat' dir='ltr'><strong>de</strong></span> <span class='ocrx_word' id='word_1_178' title='bbox 1090 3338 1289 3395; x_wconf 87' lang='lat' dir='ltr'><strong>monasterio</strong></span> <span class='ocrx_word' id='word_1_179' title='bbox 1303 3333 1478 3411; x_wconf 73' lang='lat' dir='ltr'><strong>tratribus,</strong></span> <span class='ocrx_word' id='word_1_180' title='bbox 1497 3331 1578 3391; x_wconf 86' lang='lat' dir='ltr'><strong>uiris</strong></span> 
     </span>
     <span class='ocr_line' id='line_1_24' title="bbox 432 3433 1579 3516; baseline 0 -24"><span class='ocrx_word' id='word_1_181' title='bbox 432 3433 590 3510; x_wconf 75' lang='lat' dir='ltr'><strong>fidelibus</strong></span> <span class='ocrx_word' id='word_1_182' title='bbox 611 3433 772 3500; x_wconf 87' lang='lat' dir='ltr'><strong>commisi,</strong></span> <span class='ocrx_word' id='word_1_183' title='bbox 795 3439 826 3493; x_wconf 91' lang='lat' dir='ltr'><strong>et</strong></span> <span class='ocrx_word' id='word_1_184' title='bbox 848 3453 913 3494; x_wconf 89' lang='lat' dir='ltr'><strong>nou</strong></span> <span class='ocrx_word' id='word_1_185' title='bbox 938 3436 1023 3496; x_wconf 89' lang='lat' dir='ltr'><strong>alias</strong></span> <span class='ocrx_word' id='word_1_186' title='bbox 1048 3457 1148 3516; x_wconf 82' lang='lat' dir='ltr'><strong>quam</strong></span> <span class='ocrx_word' id='word_1_187' title='bbox 1175 3437 1268 3511; x_wconf 72' lang='lat' dir='ltr'><strong>infra</strong></span> <span class='ocrx_word' id='word_1_188' title='bbox 1294 3437 1524 3511; x_wconf 83' lang='lat' dir='ltr'><strong>possessionem</strong></span> <span class='ocrx_word' id='word_1_189' title='bbox 1549 3440 1579 3493; x_wconf 89' lang='lat' dir='ltr'><strong>et</strong></span> 
     </span>
     <span class='ocr_line' id='line_1_25' title="bbox 440 3533 1652 3619; baseline -0.002 -24"><span class='ocrx_word' id='word_1_190' title='bbox 440 3535 582 3605; x_wconf 71' lang='lat' dir='ltr'><strong>fundum</strong></span> <span class='ocrx_word' id='word_1_191' title='bbox 604 3533 732 3595; x_wconf 81' lang='lat' dir='ltr'><strong>ecclesia</strong></span> <span class='ocrx_word' id='word_1_192' title='bbox 752 3534 866 3595; x_wconf 83' lang='lat' dir='ltr'><strong>Sancti</strong></span> <span class='ocrx_word' id='word_1_193' title='bbox 887 3536 1029 3597; x_wconf 83' lang='lat' dir='ltr'><strong>liuberti</strong></span> <span class='ocrx_word' id='word_1_194' title='bbox 1048 3556 1123 3598; x_wconf 90' lang='lat' dir='ltr'><strong>cum</strong></span> <span class='ocrx_word' id='word_1_195' title='bbox 1146 3540 1227 3608; x_wconf 85' lang='lat' dir='ltr'><strong>ipsis</strong></span> <span class='ocrx_word' id='word_1_196' title='bbox 1241 3536 1389 3613; x_wconf 76' lang='lat' dir='ltr'><strong>fideliter</strong></span> <span class='ocrx_word' id='word_1_197' title='bbox 1414 3536 1578 3613; x_wconf 76' lang='lat' dir='ltr'><strong>usquead</strong></span> <span class='ocrx_word' id='word_1_198' title='bbox 1647 3609 1652 3619; x_wconf 29' lang='grc' dir='ltr'>Ι</span> 
     </span>
     <span class='ocr_line' id='line_1_26' title="bbox 377 3635 1578 3718; baseline -0.002 -20"><span class='ocrx_word' id='word_1_199' title='bbox 377 3660 409 3712; x_wconf 79' lang='lat'><strong>²5</strong></span> <span class='ocrx_word' id='word_1_200' title='bbox 440 3653 543 3694; x_wconf 87' lang='lat' dir='ltr'><strong>unum</strong></span> <span class='ocrx_word' id='word_1_201' title='bbox 569 3635 783 3714; x_wconf 70' lang='lat' dir='ltr'><strong>qttairantem</strong></span> <span class='ocrx_word' id='word_1_202' title='bbox 809 3641 1006 3709; x_wconf 79' lang='lat' dir='ltr'><strong>conservavi,</strong></span> <span class='ocrx_word' id='word_1_203' title='bbox 1034 3657 1201 3718; x_wconf 75' lang='lat' dir='ltr'><strong>meamque</strong></span> <span class='ocrx_word' id='word_1_204' title='bbox 1226 3642 1477 3708; x_wconf 84' lang='lat' dir='ltr'><strong>restitutionem,</strong></span> <span class='ocrx_word' id='word_1_205' title='bbox 1504 3654 1578 3710; x_wconf 88' lang='lat' dir='ltr'><strong>ope·</strong></span> 
     </span>
     <span class='ocr_line' id='line_1_27' title="bbox 439 3737 1575 3817; baseline -0.001 -22"><span class='ocrx_word' id='word_1_206' title='bbox 439 3742 530 3797; x_wconf 88' lang='lat' dir='ltr'><strong>rante</strong></span> <span class='ocrx_word' id='word_1_207' title='bbox 546 3737 606 3797; x_wconf 87' lang='lat' dir='ltr'><strong>Dei</strong></span> <span class='ocrx_word' id='word_1_208' title='bbox 619 3738 745 3816; x_wconf 80' lang='lat' dir='ltr'><strong>gratia,</strong></span> <span class='ocrx_word' id='word_1_209' title='bbox 764 3755 829 3796; x_wconf 89' lang='lat' dir='ltr'><strong>non</strong></span> <span class='ocrx_word' id='word_1_210' title='bbox 847 3745 882 3798; x_wconf 89' lang='lat' dir='ltr'><strong>ut</strong></span> <span class='ocrx_word' id='word_1_211' title='bbox 896 3740 1089 3817; x_wconf 70' lang='lat' dir='ltr'><strong>sacrilegus,</strong></span> <span class='ocrx_word' id='word_1_212' title='bbox 1108 3742 1162 3799; x_wconf 72' lang='lat' dir='ltr'><strong>sed</strong></span> <span class='ocrx_word' id='word_1_213' title='bbox 1179 3738 1336 3815; x_wconf 73' lang='lat' dir='ltr'><strong>utfidetis</strong></span> <span class='ocrx_word' id='word_1_214' title='bbox 1357 3744 1575 3807; x_wconf 84' lang='lat' dir='ltr'><strong>conservator,</strong></span> 
     </span>
     <span class='ocr_line' id='line_1_28' title="bbox 437 3838 1578 3921; baseline 0.001 -23"><span class='ocrx_word' id='word_1_215' title='bbox 437 3840 525 3918; x_wconf 72' lang='lat' dir='ltr'><strong>quoi</strong></span> <span class='ocrx_word' id='word_1_216' title='bbox 545 3856 643 3898; x_wconf 91' lang='lat' dir='ltr'><strong>suum</strong></span> <span class='ocrx_word' id='word_1_217' title='bbox 665 3843 736 3898; x_wconf 83' lang='lat' dir='ltr'><strong>erat</strong></span> <span class='ocrx_word' id='word_1_218' title='bbox 757 3839 886 3899; x_wconf 83' lang='lat' dir='ltr'><strong>ecclesie</strong></span> <span class='ocrx_word' id='word_1_219' title='bbox 901 3858 1025 3900; x_wconf 87' lang='lat' dir='ltr'><strong>mecum</strong></span> <span class='ocrx_word' id='word_1_220' title='bbox 1042 3843 1185 3902; x_wconf 86' lang='lat' dir='ltr'><strong>restitui.</strong></span> <span class='ocrx_word' id='word_1_221' title='bbox 1206 3842 1297 3902; x_wconf 78' lang='lat' dir='ltr'><strong>Unde</strong></span> <span class='ocrx_word' id='word_1_222' title='bbox 1309 3842 1342 3901; x_wconf 93' lang='lat' dir='ltr'><strong>si</strong></span> <span class='ocrx_word' id='word_1_223' title='bbox 1355 3858 1420 3921; x_wconf 87' lang='lat' dir='ltr'><strong>qua</strong></span> <span class='ocrx_word' id='word_1_224' title='bbox 1429 3838 1578 3918; x_wconf 83' lang='lat' dir='ltr'><strong>jaculata</strong></span> 
     </span>
     <span class='ocr_line' id='line_1_29' title="bbox 436 3942 1575 4018; baseline 0 -17"><span class='ocrx_word' id='word_1_225' title='bbox 436 3948 483 4001; x_wconf 93' lang='lat' dir='ltr'><strong>est</strong></span> <span class='ocrx_word' id='word_1_226' title='bbox 510 3942 668 4000; x_wconf 84' lang='lat' dir='ltr'><strong>sententia</strong></span> <span class='ocrx_word' id='word_1_227' title='bbox 696 3943 1058 4012; x_wconf 83' lang='lat' dir='ltr'><strong>excommunicationis,</strong></span> <span class='ocrx_word' id='word_1_228' title='bbox 1087 3945 1221 4004; x_wconf 87' lang='lat' dir='ltr'><strong>irritam</strong></span> <span class='ocrx_word' id='word_1_229' title='bbox 1249 3961 1319 4003; x_wconf 90' lang='lat' dir='ltr'><strong>eam</strong></span> <span class='ocrx_word' id='word_1_230' title='bbox 1348 3946 1477 4003; x_wconf 90' lang='lat' dir='ltr'><strong>censent</strong></span> <span class='ocrx_word' id='word_1_231' title='bbox 1504 3959 1575 4018; x_wconf 85' lang='lat' dir='ltr'><strong>pre·</strong></span> 
     </span>
     <span class='ocr_line' id='line_1_30' title="bbox 437 4042 1577 4125; baseline 0.001 -24"><span class='ocrx_word' id='word_1_232' title='bbox 437 4042 539 4101; x_wconf 85' lang='lat' dir='ltr'><strong>sentia</strong></span> <span class='ocrx_word' id='word_1_233' title='bbox 567 4042 751 4101; x_wconf 89' lang='lat' dir='ltr'><strong>testimonia</strong></span> <span class='ocrx_word' id='word_1_234' title='bbox 779 4047 971 4102; x_wconf 86' lang='lat' dir='ltr'><strong>sanctarum</strong></span> <span class='ocrx_word' id='word_1_235' title='bbox 1000 4046 1258 4118; x_wconf 86' lang='lat' dir='ltr'><strong>scripturarum,</strong></span> <span class='ocrx_word' id='word_1_236' title='bbox 1285 4063 1346 4125; x_wconf 86' lang='lat' dir='ltr'><strong>que</strong></span> <span class='ocrx_word' id='word_1_237' title='bbox 1375 4062 1425 4103; x_wconf 88' lang='lat' dir='ltr'><strong>me</strong></span> <span class='ocrx_word' id='word_1_238' title='bbox 1453 4061 1577 4120; x_wconf 83' lang='lat' dir='ltr'><strong>propu-</strong></span> 
     </span>
     <span class='ocr_line' id='line_1_31' title="bbox 377 4144 1577 4223; baseline 0.003 -21"><span class='ocrx_word' id='word_1_239' title='bbox 377 4169 410 4217; x_wconf 77' lang='lat'><strong>30</strong></span> <span class='ocrx_word' id='word_1_240' title='bbox 436 4148 547 4223; x_wconf 83' lang='lat' dir='ltr'><strong>gnant</strong></span> <span class='ocrx_word' id='word_1_241' title='bbox 579 4149 608 4203; x_wconf 88' lang='lat' dir='ltr'><strong>et</strong></span> <span class='ocrx_word' id='word_1_242' title='bbox 639 4144 823 4220; x_wconf 70' lang='lat' dir='ltr'><strong>detendunt.</strong></span> <span class='ocrx_word' id='word_1_243' title='bbox 865 4144 1085 4215; x_wconf 82' lang='lat' dir='ltr'><strong>lheronimus,</strong></span> <span class='ocrx_word' id='word_1_244' title='bbox 1121 4149 1153 4205; x_wconf 86' lang='lat' dir='ltr'><strong>in</strong></span> <span class='ocrx_word' id='word_1_245' title='bbox 1190 4147 1434 4207; x_wconf 86' lang='lat' dir='ltr'><strong>commentariis</strong></span> <span class='ocrx_word' id='word_1_246' title='bbox 1477 4164 1577 4220; x_wconf 82' lang='lat' dir='ltr'><strong>super</strong></span> 
     </span>
    </p>
   </div>
   <div class='ocr_carea' id='block_1_3' title="bbox 468 4327 1325 4397">
    <p class='ocr_par' dir='ltr' id='par_1_3' title="bbox 468 4327 1325 4397">
     <span class='ocr_line' id='line_1_32' title="bbox 468 4327 1325 4397; baseline 0.001 -18"><span class='ocrx_word' id='word_1_247' title='bbox 468 4347 493 4379; x_wconf 88' lang='lat' dir='ltr'><strong>a.</strong></span> <span class='ocrx_word' id='word_1_248' title='bbox 514 4328 657 4380; x_wconf 80' lang='lat' dir='ltr'><strong>ruolbone</strong></span> <span class='ocrx_word' id='word_1_249' title='bbox 669 4328 706 4380; x_wconf 81' lang='grc' dir='ltr'><strong>Α.</strong></span> <span class='ocrx_word' id='word_1_250' title='bbox 721 4356 752 4366; x_wconf 88' lang='grc'><strong>-</strong></span> <span class='ocrx_word' id='word_1_251' title='bbox 769 4327 793 4380; x_wconf 80' lang='lat' dir='ltr'><strong>b.</strong></span> <span class='ocrx_word' id='word_1_252' title='bbox 812 4329 973 4396; x_wconf 84' lang='lat' dir='ltr'><strong>simonyace</strong></span> <span class='ocrx_word' id='word_1_253' title='bbox 985 4329 1022 4380; x_wconf 81' lang='grc' dir='ltr'><strong>Α.</strong></span> <span class='ocrx_word' id='word_1_254' title='bbox 1037 4358 1068 4366; x_wconf 96' lang='grc'><strong>-</strong></span> <span class='ocrx_word' id='word_1_255' title='bbox 1080 4346 1103 4382; x_wconf 89' lang='lat' dir='ltr'><strong>c.</strong></span> <span class='ocrx_word' id='word_1_256' title='bbox 1118 4331 1276 4397; x_wconf 86' lang='lat' dir='ltr'><strong>sapientum</strong></span> <span class='ocrx_word' id='word_1_257' title='bbox 1289 4331 1325 4381; x_wconf 79' lang='lat' dir='ltr'><strong>A.</strong></span> 
     </span>
    </p>
   </div>
   <div class='ocr_carea' id='block_1_4' title="bbox 377 4630 1575 5052">
    <p class='ocr_par' dir='ltr' id='par_1_4' title="bbox 377 4630 1575 5052">
     <span class='ocr_line' id='line_1_33' title="bbox 470 4630 1575 4691; baseline 0.008 -9"><span class='ocrx_word' id='word_1_258' title='bbox 470 4639 476 4663; x_wconf 85' lang='lat'>¹</span> <span class='ocrx_word' id='word_1_259' title='bbox 497 4630 600 4682; x_wconf 88' lang='lat' dir='ltr'><strong>Otbert</strong></span> <span class='ocrx_word' id='word_1_260' title='bbox 619 4631 693 4681; x_wconf 77' lang='lat' dir='ltr'><strong>avait</strong></span> <span class='ocrx_word' id='word_1_261' title='bbox 713 4630 808 4682; x_wconf 76' lang='lat' dir='ltr'><strong>donne</strong></span> <span class='ocrx_word' id='word_1_262' title='bbox 828 4646 939 4683; x_wconf 90' lang='lat' dir='ltr'><strong>comme</strong></span> <span class='ocrx_word' id='word_1_263' title='bbox 960 4631 1042 4683; x_wconf 87' lang='lat' dir='ltr'><strong>motii</strong></span> <span class='ocrx_word' id='word_1_264' title='bbox 1059 4632 1096 4684; x_wconf 85' lang='lat' dir='ltr'><strong>de</strong></span> <span class='ocrx_word' id='word_1_265' title='bbox 1115 4648 1167 4684; x_wconf 85' lang='lat' dir='ltr'><strong>son</strong></span> <span class='ocrx_word' id='word_1_266' title='bbox 1184 4638 1459 4690; x_wconf 80' lang='lat' dir='ltr'><strong>excommunication</strong></span> <span class='ocrx_word' id='word_1_267' title='bbox 1477 4651 1575 4691; x_wconf 85' lang='lat' dir='ltr'><strong>contre</strong></span> 
     </span>
     <span class='ocr_line' id='line_1_34' title="bbox 435 4715 1575 4788; baseline 0.009 -20"><span class='ocrx_word' id='word_1_268' title='bbox 435 4716 556 4783; x_wconf 74' lang='lat' dir='ltr'><strong>Thierry</strong></span> <span class='ocrx_word' id='word_1_269' title='bbox 571 4715 606 4774; x_wconf 86' lang='grc' dir='ltr'><strong>ΙΙ,</strong></span> <span class='ocrx_word' id='word_1_270' title='bbox 622 4716 646 4766; x_wconf 89' lang='lat' dir='ltr'><strong>le</strong></span> <span class='ocrx_word' id='word_1_271' title='bbox 659 4717 674 4767; x_wconf 88' lang='lat'>6</span> <span class='ocrx_word' id='word_1_272' title='bbox 687 4719 741 4767; x_wconf 87' lang='lat' dir='ltr'><strong>rnai</strong></span> <span class='ocrx_word' id='word_1_273' title='bbox 755 4731 825 4781; x_wconf 82' lang='lat'><strong>1093,</strong></span> <span class='ocrx_word' id='word_1_274' title='bbox 838 4717 1035 4770; x_wconf 76' lang='lat' dir='ltr'><strong>l&#39;enlevement</strong></span> <span class='ocrx_word' id='word_1_275' title='bbox 1048 4720 1182 4788; x_wconf 75' lang='lat' dir='ltr'><strong>sacrilege</strong></span> <span class='ocrx_word' id='word_1_276' title='bbox 1194 4721 1243 4773; x_wconf 91' lang='lat' dir='ltr'><strong>des</strong></span> <span class='ocrx_word' id='word_1_277' title='bbox 1256 4723 1400 4776; x_wconf 86' lang='lat' dir='ltr'><strong>meilleurs</strong></span> <span class='ocrx_word' id='word_1_278' title='bbox 1411 4737 1575 4778; x_wconf 87' lang='lat' dir='ltr'><strong>ornements</strong></span> 
     </span>
     <span class='ocr_line' id='line_1_35' title="bbox 435 4802 1024 4874; baseline 0.007 -20"><span class='ocrx_word' id='word_1_279' title='bbox 435 4802 470 4854; x_wconf 90' lang='lat' dir='ltr'><strong>de</strong></span> <span class='ocrx_word' id='word_1_280' title='bbox 483 4802 589 4870; x_wconf 78' lang='lat' dir='ltr'><strong>l&#39;iglise</strong></span> <span class='ocrx_word' id='word_1_281' title='bbox 600 4802 752 4859; x_wconf 83' lang='lat' dir='ltr'><strong>abbatiale:</strong></span> <span class='ocrx_word' id='word_1_282' title='bbox 766 4804 910 4865; x_wconf 67' lang='lat' dir='ltr'><strong>acessus,</strong></span> <span class='ocrx_word' id='word_1_283' title='bbox 925 4822 951 4874; x_wconf 89' lang='lat' dir='ltr'><strong>p.</strong></span> <span class='ocrx_word' id='word_1_284' title='bbox 969 4820 1024 4870; x_wconf 80' lang='lat'>¹72·</span> 
     </span>
     <span class='ocr_line' id='line_1_36' title="bbox 377 4888 1572 4961; baseline 0.013 -23"><span class='ocrx_word' id='word_1_285' title='bbox 377 4905 405 4955; x_wconf 78' lang='lat'><strong>35</strong></span> <span class='ocrx_word' id='word_1_286' title='bbox 471 4897 480 4925; x_wconf 80' lang='lat'>⁸</span> <span class='ocrx_word' id='word_1_287' title='bbox 499 4888 554 4940; x_wconf 88' lang='lat' dir='ltr'><strong>Sur</strong></span> <span class='ocrx_word' id='word_1_288' title='bbox 570 4888 732 4942; x_wconf 88' lang='lat' dir='ltr'><strong>Wolbodon</strong></span> <span class='ocrx_word' id='word_1_289' title='bbox 748 4891 784 4943; x_wconf 90' lang='lat' dir='ltr'><strong>de</strong></span> <span class='ocrx_word' id='word_1_290' title='bbox 800 4889 1024 4950; x_wconf 69' lang='lat' dir='ltr'><strong>Satur-laurent.</strong></span> <span class='ocrx_word' id='word_1_291' title='bbox 1042 4892 1143 4961; x_wconf 84' lang='lat' dir='ltr'><strong>Lupon</strong></span> <span class='ocrx_word' id='word_1_292' title='bbox 1160 4895 1196 4947; x_wconf 87' lang='lat' dir='ltr'><strong>de</strong></span> <span class='ocrx_word' id='word_1_293' title='bbox 1215 4895 1412 4959; x_wconf 84' lang='lat' dir='ltr'><strong>Salat-Trond,</strong></span> <span class='ocrx_word' id='word_1_294' title='bbox 1429 4899 1572 4951; x_wconf 83' lang='lat' dir='ltr'><strong>Gislebert</strong></span> 
     </span>
     <span class='ocr_line' id='line_1_37' title="bbox 434 4975 1472 5052; baseline 0.009 -24"><span class='ocrx_word' id='word_1_295' title='bbox 434 4976 471 5029; x_wconf 85' lang='lat' dir='ltr'><strong>de</strong></span> <span class='ocrx_word' id='word_1_296' title='bbox 485 4975 642 5028; x_wconf 68' lang='lat' dir='ltr'><strong>florenues</strong></span> <span class='ocrx_word' id='word_1_297' title='bbox 653 4988 681 5027; x_wconf 89' lang='lat' dir='ltr'><strong>et</strong></span> <span class='ocrx_word' id='word_1_298' title='bbox 695 4976 859 5030; x_wconf 81' lang='lat' dir='ltr'><strong>Warimond</strong></span> <span class='ocrx_word' id='word_1_299' title='bbox 870 4977 906 5030; x_wconf 89' lang='lat' dir='ltr'><strong>de</strong></span> <span class='ocrx_word' id='word_1_300' title='bbox 919 4977 1039 5048; x_wconf 72' lang='lat' dir='ltr'><strong>Brogue,</strong></span> <span class='ocrx_word' id='word_1_301' title='bbox 1053 4994 1120 5048; x_wconf 81' lang='lat' dir='ltr'><strong>roy.</strong></span> <span class='ocrx_word' id='word_1_302' title='bbox 1133 4982 1278 5045; x_wconf 63' lang='lat' dir='ltr'><strong>mausus,</strong></span> <span class='ocrx_word' id='word_1_303' title='bbox 1292 4999 1338 5052; x_wconf 88' lang='lat' dir='ltr'><strong>pp.</strong></span> <span class='ocrx_word' id='word_1_304' title='bbox 1355 4985 1472 5050; x_wconf 56' lang='lat' dir='ltr'><strong>isius&amp;</strong></span> 
     </span>
    </p>
   </div>
   <div class='ocr_carea' id='block_1_5' title="bbox 0 0 2230 6120">
    <p class='ocr_par' dir='ltr' id='par_1_5' title="bbox 0 0 2230 6120">
     <span class='ocr_line' id='line_1_38' title="bbox 0 0 2230 6120; baseline 0 0"><span class='ocrx_word' id='word_1_305' title='bbox 0 0 2230 6120; x_wconf 95' lang='lat' dir='ltr'><strong> </strong></span> 
     </span>
    </p>
   </div>
  </div>
 </body>
</html>
