4450 6125
832 870 986 951 Sancti
1021 863 1231 947 Habenti.
1520 862 1594 971 187

461 1174 558 1228 ratus
571 1165 700 1246 gratias
713 1166 785 1247 egit
799 1163 1012 1243 dispositioni
1027 1162 1154 1233 divine,
1168 1180 1357 1242 speransex
1375 1166 1437 1225 hoc
1452 1165 1600 1244 pendule

460 1264 662 1328 dissensioni
689 1263 793 1327 linem
820 1272 1083 1346 proventurum,
1109 1271 1145 1323 et
1170 1262 1322 1324 veritatis
1344 1262 1511 1339 iudicium
1536 1264 1601 1324 sub

461 1375 512 1429 tot
534 1364 679 1428 testibus
700 1366 743 1427 ad
767 1364 944 1427 victoriam
969 1364 1241 1445 perducendum.
1266 1364 1333 1426 Nec
1356 1380 1463 1436 mora,
1485 1363 1599 1426 abbati

463 1467 655 1548 Berengero
684 1469 745 1529 hec
771 1465 888 1528 omnia
915 1482 977 1546 per
1004 1464 1163 1526 ordinem
1193 1464 1406 1548 significarit,
1437 1473 1471 1527 et
1501 1474 1539 1527 ut
1565 1464 1599 1526 in

421 1583 434 1635 s
464 1552 620 1649 partibus
640 1567 712 1630 suis
736 1567 891 1629 veritatis
911 1563 1105 1628 defensores
1130 1566 1339 1628 conduceret
1364 1583 1479 1629 secum
1505 1582 1600 1627 man·

462 1661 566 1729 daiit.
607 1666 678 1746 lpse
714 1684 806 1741 vero,
844 1674 1023 1744 assumpto
1053 1682 1170 1727 secum
1201 1665 1384 1728 lamberto
1413 1665 1541 1745 majore
1567 1674 1601 1728 et

463 1766 611 1831 Roberto
634 1768 847 1830 Cunensium
871 1767 993 1848 priore,
1019 1765 1329 1839 Mediomatricum,
1354 1768 1508 1841 Tullum,
1526 1766 1600 1828 Vir·

461 1868 598 1931 dunum
609 1884 790 1949 aggressus
802 1876 851 1929 est
867 1876 1100 1947 peragrare,et
1113 1866 1325 1946 propositam
1338 1881 1353 1907 ⁴
1366 1868 1599 1931 necessitatem

463 1969 588 2031 tuende
605 1966 682 2030 fidei
706 1968 795 2030 notis
814 1968 877 2030 sibi
895 1965 1054 2029 fidelibus
1072 1968 1269 2044 enuntians,
1285 1970 1365 2052 quia
1382 1987 1448 2032 non
1464 1988 1526 2034 sua
1541 1971 1598 2033 sed

403 2090 435 2128 ro
461 2068 589 2132 Christi
605 2079 739 2131 reserat
750 2069 894 2150 agenda,
906 2066 1051 2146 nelejus
1062 2068 1258 2132 testimonio
1269 2070 1601 2134 deessentinstanter

461 2172 679 2234 admonebat.
695 2169 834 2233 Videres
849 2187 910 2250 per
922 2170 1077 2252 singulas
1094 2171 1194 2232 urbes
1209 2170 1384 2252 religiosas
1397 2183 1431 2233 et
1447 2180 1602 2252 potentes

462 2290 626 2355 personas
638 2281 769 2335 tantam
786 2290 849 2352 pro
861 2271 994 2349 justicia
1009 2271 1292 2352 persecutionem,
1309 2289 1374 2335 non
1387 2291 1483 2335 secus
1496 2292 1602 2355 quam

461 2375 521 2457 qui
549 2372 778 2454 patiebantur,
806 2373 971 2446 indolere,
1000 2372 1143 2449 periculi
1168 2373 1221 2434 sui
1244 2373 1426 2437 securitate
1449 2374 1603 2456 religiose

461 2475 639 2558 quondam
651 2484 684 2536 et
696 2476 836 2536 honeste
849 2472 1122 2554 lindaginensisc
1136 2472 1274 2535 ecclesie
1285 2492 1422 2535 causam
1437 2477 1601 2536 tuendam

403 2596 433 2651 ις
460 2576 626 2656 excipere,
645 2574 816 2637 neminem
832 2592 952 2636 eorum
968 2574 1076 2636 alium
1091 2575 1189 2654 quasi
1204 2577 1399 2636 cunctando
1413 2575 1599 2646 consulere,

460 2676 518 2739 sed
535 2676 689 2758 singulos
698 2692 802 2756 opem
812 2692 913 2737 suam
924 2674 1079 2738 certatim
1092 2675 1205 2737 abbati
1223 2675 1434 2756 promittere.
1451 2676 1601 2758 Denique

463 2779 628 2841 Paulinus
650 2777 852 2840 lletensium
872 2776 1166 2850 archidiaconus¹‚
1192 2784 1229 2838 ut
1247 2787 1318 2838 erat
1338 2780 1461 2839 doctus
1480 2776 1600 2839 sullra·

460 2878 534 2961 gari
559 2877 729 2954 eiusmodi
755 2876 1020 2951 defensionibus,
1047 2882 1283 2951 (consueverat
1308 2877 1400 2939 enim
1430 2877 1540 2959 longis
1567 2889 1600 2940 et

463 2981 582 3043 multis
597 2977 903 3060 persecutionibus,
919 2996 986 3060 que
1001 2978 1093 3043 illate
1112 2978 1246 3041 lucrant
1264 2978 1473 3041 llerimanno
1488 2980 1600 3059 ponti-

401 3107 437 3146 ιο
463 3082 515 3146 lici
531 3096 553 3157 ¹,
580 3090 776 3146 constanter
800 3082 972 3143 decertare
997 3082 1124 3143 tuende
1150 3080 1241 3157 fidei)
1269 3102 1275 3142 :
1304 3081 1349 3143 Et
1377 3099 1447 3156 nos,
1475 3081 1597 3163 inquit,

458 3181 589 3262 iamdiu
609 3183 771 3263 fatigavit
786 3182 839 3242 liic
859 3200 971 3242 rerum
987 3187 1134 3252 eventus·
1153 3200 1209 3242 nec
1224 3183 1267 3241 od
1284 3183 1352 3258 hos,
1372 3183 1469 3261 quasi
1489 3200 1597 3251 novos,

462 3303 557 3346 casus
571 3283 778 3361 excipiendos
798 3282 992 3362 cujusquam
1016 3282 1203 3342 incitatione
1217 3284 1417 3359 indigemus.
1437 3282 1481 3342 Et
1497 3301 1555 3344 nos
1570 3288 1600 3342 et

463 3394 574 3448 nostro
592 3384 727 3446 Christo
741 3383 904 3445 debemus.
921 3384 1080 3464 Dignitns
1100 3382 1201 3462 hujus
1219 3385 1371 3445 criminis
1389 3385 1602 3446 communis⁴

461 3491 507 3548 est
541 3487 576 3546 in
607 3504 680 3544 eum
714 3484 930 3546 credentibus.
961 3487 1038 3547 Erit
1066 3492 1181 3548 certe‘
1210 3483 1425 3563 injuriosum,
1451 3489 1484 3547 si
1513 3489 1600 3567 quod

401 3665 433 3717 ις
494 3673 521 3710 a,
539 3654 719 3721 conjusdam
738 3655 784 3711 A:
804 3653 828 3706 Ie
847 3654 930 3706 scribe
948 3659 1022 3706 nvait
1040 3674 1102 3707 sans
1122 3659 1198 3708 danie
1213 3659 1279 3707 icrit
1295 3658 1489 3723 postpositam,
1504 3661 1567 3726 puis
1583 3675 1599 3706 a

463 3741 541 3792 neuin
553 3744 671 3808 corniger
682 3759 713 3791 en
726 3743 910 3808 propositam.
921 3771 952 3780 -
965 3743 987 3794 d.
1001 3759 1052 3794 nec
1065 3744 1101 3795 Α.
1114 3773 1144 3781 -
1161 3762 1183 3796 c.
1197 3744 1381 3811 adagynensis
1393 3745 1430 3795 Α.
1442 3772 1472 3782 -
1485 3746 1511 3798 d.
1524 3761 1598 3796 cum·

462 3828 556 3879 munis
567 3829 603 3881 A.
618 3857 650 3866 -
667 3845 688 3878 e.
711 3828 789 3879 Dans
801 3829 837 3902 ᾼ,
850 3832 927 3895 apris
939 3840 1014 3881 certe
1026 3846 1058 3879 on
1070 3831 1103 3880 lit
1115 3847 1237 3898 quoque,
1251 3833 1319 3881 runis
1330 3835 1482 3897 erponem.

496 4087 504 4117 ¹
523 4078 633 4138 Paulin,
651 4079 822 4132 archidiacre
840 4081 875 4132 de
893 4080 978 4142 Meta,
998 4097 1068 4134 nous
1084 4092 1127 4133 est
1145 4097 1238 4134 connu
1256 4099 1306 4149 par
1323 4098 1360 4134 un
1378 4083 1427 4134 des
1443 4084 1600 4136 nombreux

461 4165 559 4217 traitt'ss
571 4165 605 4216 de
620 4163 771 4228 unisono,
786 4166 813 4218 le
825 4166 869 4217 De
879 4170 991 4218 emtione
1001 4167 1183 4228 ecclesiarum,
1198 4170 1292 4236 redige
1305 4186 1340 4221 en
1357 4172 1506 4235 rodpropo.
1520 4169 1600 4221 Nous

402 4268 436 4318 ,ο
462 4251 584 4320 ylisons
600 4267 655 4319 que
675 4250 773 4303 Paulin
790 4254 873 4315 avait,
892 4254 960 4305 dans
977 4270 1014 4306 un
1031 4255 1099 4306 ecrit
1117 4258 1165 4322 qui
1183 4257 1225 4306 n'n
1244 4272 1291 4321 pas
1307 4257 1353 4307 ete
1369 4257 1513 4315 conserve,
1532 4258 1599 4323 pose'

461 4348 535 4392 oette
557 4340 687 4406 question
708 4355 714 4387 τ
734 4341 759 4389 si
778 4341 886 4390 ucndm
909 4341 950 4390 vel
968 4358 1052 4391 emere
1071 4343 1192 4392 ccclesias
1214 4345 1249 4392 sit
1271 4344 1474 4409 sententiarum?
1496 4342 1536 4394 Le
1557 4343 1599 4393 De

459 4427 589 4491 emptione
609 4425 780 4476 ecclesiarum
804 4435 845 4477 est
870 4426 896 4478 la
919 4427 1043 4480 solution
1064 4428 1099 4479 de
1121 4428 1254 4487 Bemold,
1276 4429 1400 4481 solution
1423 4430 1550 4481 resumes
1570 4442 1597 4481 et

460 4513 631 4580 provisoire;
650 4512 668 4563 il
686 4513 747 4579 prie
763 4528 815 4564 son
831 4514 1051 4581 correspondent
1068 4515 1113 4583 d’y
1128 4516 1267 4582 repundre
1283 4519 1298 4566 t
1314 4532 1364 4567 son
1382 4528 1456 4568 tour.
1471 4515 1550 4570 Nous
1563 4534 1599 4569 ne

461 4599 615 4666 possedons
631 4599 660 4650 ni
677 4608 751 4651 cette
767 4599 887 4667 reponse
903 4599 938 4651 de
956 4599 1064 4660 Paulin,
1082 4603 1109 4652 ni
1126 4600 1153 4652 le
1169 4603 1251 4653 traite
1267 4602 1390 4669 complet
1405 4603 1533 4655 annonce
1549 4620 1599 4671 par

401 4701 431 4754 35
462 4685 597 4739 Bernold.
613 4686 685 4754 Voy.
700 4687 733 4740 C.
748 4685 857 4747 Minor,
872 4687 926 4738 Dic
939 4687 1098 4739 Publicistih
1109 4692 1146 4739 im
1160 4689 1286 4741 Zeitalter
1300 4690 1413 4757 Gregors
1429 4689 1491 4751 VII,
1505 4707 1552 4759 pp.
1566 4709 1597 4749 ii

459 4782 487 4825 et
499 4774 572 4827 suiv.

492 4868 502 4895 ¹
521 4859 546 4911 Α
558 4875 641 4912 cause
657 4859 692 4912 de
708 4876 759 4912 son
775 4860 909 4913 adhe'sion
926 4877 960 4912 su
978 4863 1049 4926 parti
1066 4862 1230 4929 gregorios:
1248 4876 1313 4928 roy.
1334 4860 1425 4913 Gallia
1437 4862 1595 4920 chironion,

457 4960 476 4997 t.
491 4945 571 5005 xlll,
585 4945 640 5000 col.
656 4960 702 5010 732
716 4958 743 4998 et
757 4949 829 4997 suiv.
