4450 6125
843 855 996 939 Sancti
1026 856 1238 943 Huberti.
1538 862 1612 974 195

477 1155 634 1236 querelas
648 1166 682 1217 et
697 1154 842 1233 injurias
856 1173 935 1217 cum
956 1158 1011 1217 ille
1031 1157 1092 1219 diu
1115 1159 1353 1239 indignaretur
1372 1157 1455 1237 pati,
1470 1158 1618 1220 collectis

478 1254 609 1318 viribus
633 1256 788 1318 obsidere
814 1268 963 1319 castrum
984 1258 1179 1321 destinavit.
1208 1259 1293 1322 Huic
1312 1259 1479 1322 obsidioni
1501 1259 1615 1339 dispo·

478 1357 588 1418 nende
615 1357 737 1419 ducem
767 1366 800 1418 et
828 1358 1024 1438 episcopii·
1049 1360 1222 1439 principes
1250 1370 1449 1423 evocaverat
1477 1359 1615 1443 jamque

477 1458 632 1521 ordinata
647 1460 873 1539 expeditione,
896 1472 975 1523 ante
996 1471 1148 1523 castrum
1169 1463 1378 1534 constiterat,
1403 1479 1483 1523 cum
1503 1462 1617 1524 subito

435 1580 448 1630 5
477 1562 547 1621 dux
570 1571 709 1639 arrepto
734 1570 887 1639 tempore
917 1562 1101 1624 Otbertum
1123 1561 1332 1632 inclamavit,
1357 1564 1456 1644 eique
1482 1562 1617 1642 publice

475 1661 657 1724 consilium
672 1679 775 1724 suum
792 1674 825 1724 et
839 1662 1010 1725 auxilium
1025 1664 1210 1736 excusavit,
1228 1663 1291 1725 nisi
1308 1664 1483 1725 abbatiam
1500 1662 1615 1726 Sancti

477 1762 620 1824 Huberti
637 1762 821 1845 Sanctique
838 1763 1009 1826 Laurentii
1026 1782 1089 1826 suo
1104 1774 1196 1826 statu
1214 1776 1405 1844 reponeret,
1418 1775 1452 1827 et
1463 1783 1616 1847 easquas

475 1863 684 1933 vendiderat,
697 1863 811 1943 ejectis
821 1864 1046 1944 emptoribus,
1062 1881 1121 1945 per
1132 1864 1319 1946 condignas
1330 1882 1492 1945 personas
1507 1866 1615 1947 gratis

475 1964 601 2026 ibidem
624 1965 809 2038 ordinatas,
831 1966 1038 2046 disponeret.
1065 1966 1170 2040 Quod,
1189 1967 1313 2047 inquit,
1329 1984 1350 2026 ο
1363 1968 1613 2041 commilitones,

418 2085 449 2123 ro
475 2084 494 2125 c
517 2065 584 2127 Deo
604 2066 773 2127 auxilium
797 2067 1013 2145 sperabimus,
1030 2067 1090 2148 qui
1108 2067 1177 2146 ejus
1192 2067 1332 2128 ecclesiis
1351 2069 1612 2146 depereuntibus,

475 2184 540 2226 non
554 2166 661 2226 solum
677 2167 898 2242 defensionem
911 2187 977 2230 non
993 2168 1226 2246 impendimus,
1238 2169 1294 2229 sed
1308 2173 1339 2229 et
1354 2168 1492 2229 liberam
1508 2187 1613 2229 vocem

474 2268 744 2329 contradictionis
764 2269 1015 2330 subtrahimus?
1033 2268 1165 2329 Scilicet
1187 2270 1245 2330 hoc
1265 2269 1303 2329 de
1324 2269 1416 2331 nobis
1430 2270 1614 2345 promeruit

474 2368 710 2447 benignissima
743 2370 916 2448 dispositio
949 2370 1130 2441 Creatoris,
1168 2372 1229 2450 qui
1260 2389 1320 2431 nos
1351 2371 1525 2431 ministros
1558 2388 1615 2430 sue

475 2469 603 2546 publice
618 2470 668 2530 rei
681 2471 863 2544 constituit,
879 2477 913 2531 ut
925 2490 987 2548 pro
997 2490 1057 2531 suc
1073 2472 1212 2550 quisque
1225 2489 1374 2549 persona,
1395 2476 1544 2532 nostrum
1560 2470 1615 2530 illi

416 2591 444 2642 ις
475 2589 630 2650 negemus
658 2573 842 2644 seruitium,
868 2591 949 2653 quos
978 2591 1039 2649 pro
1068 2572 1187 2633 tuendo
1212 2571 1290 2649 jure
1316 2590 1378 2633 suo
1407 2572 1465 2632 hoc
1500 2576 1613 2633 nostro

473 2679 614 2750 tempore
627 2676 728 2754 elegit
741 2675 811 2752 ejus
826 2675 980 2755 generale
995 2674 1193 2735 dominium.

515 2774 617 2837 Plura
630 2775 742 2837 dicere
754 2776 905 2856 parantis
920 2776 1058 2856 abrupit
1070 2776 1214 2837 verbum
1231 2792 1387 2836 assensus
1403 2775 1611 2854 principum,

470 2888 503 2938 et
518 2875 641 2938 invecti
659 2878 784 2956 pariter
801 2879 833 2938 in
851 2878 1046 2945 Otbertum.
1062 2877 1227 2957 pretixam
1244 2895 1262 2937 a
1278 2877 1363 2937 duce
1380 2876 1610 2938 conditionem

472 2976 513 3037 de
540 2978 772 3038 restaurandis
792 2977 941 3039 ecclesiis
962 2988 995 3040 et
1018 2977 1224 3058 reponendis
1249 2976 1429 3038 abbatibus
1452 2975 1613 3057 legitimis

412 3096 446 3134 20
473 3078 639 3141 violenter
654 3079 788 3161 exigere
803 3091 977 3160 ceperunt.
993 3080 1230 3142 Convenerant
1242 3092 1359 3142 autem
1375 3081 1416 3141 ad
1429 3079 1612 3141 eamdem’

472 3181 725 3258 expeditionem
742 3180 990 3260 disponendam
1009 3182 1152 3263 quidam
1169 3200 1208 3242 cx
1225 3181 1471 3241 archidiaconis
1487 3193 1519 3242 et
1537 3199 1612 3261 pre·

473 3280 592 3359 positis
613 3280 785 3360 episcopii,
802 3281 860 3360 qui
885 3294 981 3358 rapta
1004 3281 1178 3342 occasione
1202 3297 1260 3358 per
1280 3283 1366 3341 hanc
1384 3280 1611 3342 invectionem

472 3382 643 3461 publicam
670 3383 766 3463 quasi
791 3399 854 3461 pro
875 3382 945 3442 zelo
967 3382 1092 3443 tuende
1115 3381 1256 3460 justitie.
1279 3382 1428 3460 privatas
1449 3381 1612 3442 animosi·

472 3493 558 3544 tates
579 3484 742 3545 adversus
765 3484 948 3546 Otbertum
973 3485 1212 3565 ingravabant,
1232 3493 1267 3543 ut
1290 3502 1330 3543 ex
1355 3486 1417 3544 boc
1439 3484 1502 3544 sibi
1518 3486 1611 3563 apud

411 3603 442 3653 25
472 3603 550 3646 eum
579 3584 729 3646 locarent
756 3585 988 3664 inposterum
1013 3586 1186 3656 timorem,
1215 3588 1314 3659 cujus
1340 3585 1403 3645 nisi
1430 3603 1469 3645 ex
1497 3584 1613 3665 aliquo

471 3687 655 3747 commodo
684 3687 841 3748 inutilem
873 3686 1126 3763 vilipendebant
1163 3704 1329 3747 amorem.
1369 3685 1409 3745 Et
1445 3703 1524 3746 cum
1563 3686 1611 3745 illi

469 3799 664 3849 constanter
688 3788 892 3865 objiceretur
911 3800 933 3860 ‘,
962 3787 1053 3869 quod
1080 3788 1223 3847 omnino
1250 3787 1422 3847 interdicit
1451 3787 1610 3847 canonica

469 3890 663 3961 auctoritas,
683 3889 809 3950 scilicet
826 3899 941 3950 taxato
958 3887 1067 3967 pretio
1082 3887 1235 3948 abbatias
1251 3887 1444 3947 vendidisse
1459 3898 1492 3948 et
1507 3886 1611 3947 eccle·

469 3990 602 4051 siastica
620 3990 889 4070 ministeriaque
906 4006 967 4066 pro
982 3988 1164 4049 animabus
1183 3987 1345 4048 curandis
1365 3999 1471 4068 gratis
1494 3987 1609 4067 largiri

411 4113 443 4162 30
471 4092 654 4164 debuisset,
672 4091 836 4153 Otbertus
852 4091 908 4151 tali
926 4101 1065 4169 tamque
1085 4089 1256 4167 insperata
1280 4107 1495 4167 compressus
1514 4106 1610 4148 exac-

469 4194 572 4264 tione,
590 4193 664 4254 licet
675 4192 880 4273 intelligeret
896 4193 959 4253 hec
972 4210 1039 4252 non
1055 4204 1142 4252 recte
1156 4189 1281 4254 iecisse.
1295 4192 1481 4250 conabatur
1495 4200 1609 4249 tamen

469 4294 533 4356 sibi
552 4294 752 4373 pretendere
776 4312 841 4353 non
862 4293 974 4354 solum
998 4311 1056 4354 sue
1080 4291 1304 4372 malignitatis
1324 4291 1478 4351 velamen
1500 4290 1610 4349 sedet

471 4397 662 4459 multorum
679 4397 892 4475 prelatorum
905 4393 923 4431 Α
933 4396 1073 4475 probate
1085 4393 1214 4455 heresis
1225 4392 1470 4462 defensionem,
1482 4403 1611 4452 contes-

501 4768 527 4800 α.
548 4750 627 4802 Dans
644 4752 680 4814 A,
697 4768 729 4800 on
747 4750 895 4800 triuncem
912 4750 1047 4815 episcopii
1064 4759 1092 4798 et
1109 4751 1251 4811 cinrigten
1264 4747 1365 4800 ducem
1379 4757 1406 4797 et
1419 4748 1565 4813 episcopii.
1579 4774 1609 4783 -

411 4844 439 4894 35
469 4839 492 4891 b.
511 4839 608 4889 eadem
629 4839 664 4890 Α.
686 4867 715 4877 -
733 4856 755 4886 c.
775 4837 935 4888 obiceretur
953 4838 989 4885 A.
1010 4864 1041 4872 —
1059 4835 1083 4884 d.
1104 4840 1188 4899 reptet
1205 4836 1341 4900 deunfiu's
1357 4842 1409 4902 sur
1427 4834 1613 4882 rnndrertnnce

471 4927 537 4975 dans
552 4927 586 4975 ,¹l.
