4450 6125
614 815 690 900 136
818 817 1130 897 Cantatorium
1159 822 1252 897 sine
1287 817 1543 916 Chronieon

606 1129 759 1174 rumore,
786 1122 1021 1164 convenerunt
1051 1114 1084 1163 in
1110 1114 1297 1164 crastinum
1323 1122 1403 1165 ante
1429 1112 1655 1179 Capitolium,
1685 1114 1758 1181 jam

607 1211 725 1252 senatu
747 1200 965 1252 consulente.
988 1199 1052 1252 Ubi
1074 1200 1151 1251 dum
1173 1200 1288 1252 lurore
1310 1199 1456 1252 femineo
1475 1199 1757 1263 conclamarent,

608 1305 647 1340 ne
671 1289 876 1340 sententiam
902 1289 953 1338 sui
978 1289 1131 1338 hesterni
1149 1301 1163 1325 a
1186 1288 1315 1339 decreti
1340 1289 1501 1339 adversus
1531 1303 1585 1338 eas
1609 1299 1759 1340 senatus

608 1377 804 1443 ingravaret
831 1375 857 1436 h,
897 1375 952 1425 sed
992 1375 1111 1439 pocius
1150 1375 1335 1441 unicuique
1372 1373 1496 1425 lemine
1533 1373 1617 1426 duos
1656 1373 1758 1428 viros

609 1462 781 1514 habendos
812 1461 1028 1522 decerneret,
1055 1461 1276 1529 requirebant
1309 1470 1438 1527 patres,
1469 1476 1533 1528 que
1565 1459 1627 1512 illa
1659 1472 1759 1513 esset

608 1549 786 1599 mulierum
813 1549 1049 1613 intemperies.
1078 1547 1249 1600 Pavebant
1274 1549 1362 1599 enim
1389 1557 1423 1600 et
1447 1547 1660 1599 mirabantur
1685 1563 1759 1601 non

608 1651 710 1701 parvo
744 1635 792 1685 rei
822 1635 1029 1701 prodigium,
1065 1635 1160 1685 illam
1193 1634 1378 1686 verecundi
1410 1649 1509 1685 sexus
1541 1633 1756 1699 impudicam

607 1722 788 1772 insaniam.
813 1721 905 1772 'l'unc
930 1737 1011 1787 puer
1041 1720 1198 1786 Papirius
1221 1722 1347 1772 curiam
1373 1722 1548 1789 ingressus
1571 1721 1756 1787 publicum

607 1817 728 1858 metum
757 1808 871 1868 demit,
896 1808 948 1858 eie
969 1806 1123 1858 reserens
1147 1808 1316 1879 quomodo
1342 1807 1395 1858 illi
1421 1808 1616 1874 importuna
1645 1814 1758 1860 mater

607 1894 795 1945 institisset
816 1893 949 1960 etquid
971 1894 1042 1959 ipse
1064 1895 1163 1944 matri
1185 1894 1434 1945 insimulasset.
1456 1892 1550 1944 Tunc
1570 1901 1758 1947 senatores

606 1981 778 2049 ingenium
801 1981 898 2047 pueri
922 1979 1177 2041 exosculantes,
1206 1981 1346 2031 honoris
1374 1980 1483 2048 gratia
1511 1978 1755 2032 Pretextatum

606 2066 911 2134 cognominandum
931 2075 1131 2126 sanxerunt,
1150 2067 1191 2118 ob
1209 2066 1372 2133 loquendi
1394 2076 1426 2118 et
1444 2066 1579 2118 tacendi
1600 2058 1757 2133 pruden-

606 2163 685 2211 tiam
710 2161 743 2209 in
763 2168 854 2210 etate
875 2168 1068 2225 pretextata
1086 2165 1114 2213 d.
1138 2172 1276 2215 causam
1296 2172 1434 2235 quoque
1451 2166 1484 2215 et
1506 2153 1664 2215 ordinem
1688 2156 1753 2218 rei.

605 2255 660 2317 Sic
688 2255 799 2316 derisa
825 2263 877 2315 est
904 2254 1119 2334 impudentia
1145 2254 1309 2316 femineie
1330 2254 1457 2315 amoris
1479 2267 1512 2315 et
1530 2253 1692 2328 levitatis,
1718 2267 1756 2318 et

606 2355 742 2421 Papirio
764 2353 977 2414 PretertatO,
1002 2362 1034 2404 ut
1057 2364 1129 2405 erat
1151 2370 1246 2419 puer,
1270 2354 1419 2421 dignitas
1439 2353 1633 2420 adjudicata
1653 2369 1755 2406 sena-

604 2441 686 2492 torii
721 2441 872 2501 ordinis,
909 2440 987 2490 aliis
1022 2440 1138 2505 pueris
1176 2455 1215 2490 ex
1255 2448 1335 2490 tunc
1370 2454 1385 2489 a
1420 2447 1537 2490 senatu
1578 2438 1755 2491 exclusis.

606 2528 666 2588 His
681 2527 785 2588 illatis
807 2528 849 2589 ad
873 2527 1038 2607 placitum
1062 2527 1205 2600 abbatiS,
1225 2527 1494 2606 prosequebatur
1519 2526 1757 2588 lambertus!

604 2647 670 2711 que
692 2630 962 2708 subsequuntur,
989 2636 1093 2708 prout
1114 2627 1391 2689 interveniebat!
1411 2629 1440 2687 ei
1462 2629 1681 2706 oportunitas
1707 2633 1753 2689 ud

604 2731 753 2811 gratiam
770 2729 952 2791 audientis.

638 2836 821 2897 Narrante,
852 2830 976 2910 inquit,
1014 2836 1169 2897 Platone,
1200 2835 1377 2887 inducitur
1406 2836 1540 2903 quidam
1571 2835 1686 2904 Gyges
1719 2839 1753 2889 in
1787 2854 1802 2890 2

606 2941 699 2983 terre
729 2930 882 2982 hiatuml
908 2932 1033 2998 magnis
1063 2931 1231 2983 imbribus
1261 2931 1429 2992 solutum,
1460 2931 1576 3000 ibique
1599 2930 1756 2984 ollendit

606 3033 728 3087 equum
759 3018 926 3085 jacentem
966 3033 1102 3069 eneum.
1144 3018 1249 3085 Cujus
1286 3019 1415 3085 apertis
1453 3018 1640 3083 lateribus,
1674 3035 1755 3074 cum

607 3107 802 3157 invenisset
844 3106 1016 3156 hominem
1061 3115 1231 3157 mortuum
1273 3107 1449 3173 quemdam
1489 3106 1670 3159 habentem
1716 3110 1755 3161 in

600 3193 706 3260 digito
746 3191 938 3243 annulumi
974 3206 1131 3251 aureum,
1180 3190 1348 3242 abstraxit
1395 3201 1430 3242 et
1476 3193 1588 3244 induit
1632 3192 1752 3256 illum,

601 3278 718 3346 sicque
755 3278 793 3328 ad
832 3284 987 3344 pastores
1025 3278 1137 3343 regios
1175 3294 1208 3328 se
1246 3281 1389 3345 recepit,
1426 3295 1498 3331 cum
1536 3289 1627 3333 esset
1660 3296 1753 3335 unus
1785 3297 1819 3348 25

601 3379 728 3415 eorum.
752 3362 817 3429 Qui
841 3378 913 3414 cum
944 3364 1091 3428 predicti
1120 3363 1263 3414 annulis
1281 3364 1417 3430 palamk
1440 3366 1478 3416 ad
1503 3365 1644 3432 palmam
1668 3382 1751 3420 con·

602 3460 743 3503 vertens
773 3452 844 3515 ipse
877 3466 1010 3516 quoque
1042 3465 1158 3501 omnes
1188 3451 1306 3502 videns
1336 3466 1351 3502 a
1383 3452 1518 3502 nemine
1551 3451 1750 3517 videretur,

604 3538 704 3604 hujus
728 3537 885 3588 miraculi
909 3536 1018 3588 solers
1040 3535 1164 3597 iactus,
1185 3553 1261 3605 rege
1283 3536 1445 3589 Lidorum
1468 3536 1655 3591 interfecto
1672 3554 1749 3592 cum

602 3622 803 3689 quibusdam
843 3621 912 3672 suis
951 3620 1184 3687 principibus,
1224 3636 1330 3673 uxore
1368 3621 1440 3688 ejus
1477 3631 1510 3672 et
1551 3637 1655 3689 regno
1695 3635 1750 3676 est

604 3710 752 3775 potitus.
1782 3729 1820 3778 30

648 3938 802 4014 61.(74.l
825 3942 917 3992 Illud
937 3956 1084 4008 quoque,
1114 3934 1239 4015 inquit,
1272 3943 1494 3995 memorabile
1521 3944 1608 4010 apud
1636 3946 1749 4012 philo·

608 4038 733 4102 sophos
752 4036 762 4074 1
787 4035 929 4087 habetur
952 4036 992 4087 de
1014 4034 1196 4087 Dammone
1218 4046 1251 4087 et
1272 4035 1409 4104 Pythia,
1431 4038 1562 4091 duobus
1583 4039 1749 4094 videlicet

608 4119 850 4188 Pythagoreis,
879 4136 1020 4188 quorum
1049 4121 1139 4172 alter
1167 4137 1182 4172 a
1209 4120 1367 4173 Dionisio
1396 4122 1572 4177 Siciliensi
1603 4136 1748 4195 tyranno

638 4363 664 4397 a.
686 4345 764 4394 Hans
782 4345 818 4401 A,
839 4343 863 4393 lc
879 4345 974 4409 copt'stc
991 4360 1007 4392 u
1026 4344 1091 4392 ecrit
1108 4344 1219 4394 externi
1225 4359 1232 4404 ;
1252 4360 1284 4392 on
1303 4361 1320 4393 a
1337 4346 1412 4402 c'crit,
1426 4346 1564 4397 audemus
1578 4346 1609 4421 de
1623 4346 1652 4399 la
1662 4347 1745 4417 ligne,

605 4431 683 4482 d'utu·
700 4448 777 4480 encre
794 4431 940 4496 differente,
965 4428 1009 4480 rel
1029 4430 1164 4480 hesterni.
1185 4458 1216 4467 -
1233 4429 1257 4481 h.
1277 4430 1356 4480 Dans
1373 4432 1411 4487 Α,
1435 4431 1459 4483 le
1477 4434 1573 4496 captate
1588 4436 1663 4486 avait
1681 4438 1748 4488 &crit
1780 4447 1815 4501 35

518 4525 523 4533 '
606 4528 781 4585 aggravaret;
802 4516 825 4567 il
840 4535 856 4565 a
875 4519 949 4573 ecrit,
969 4517 1105 4566 ‹ru-dessus
1123 4516 1191 4568 dela
1203 4516 1283 4583 ligne,
1300 4518 1345 4569 vel
1358 4519 1387 4569 in
1394 4520 1562 4588 (gravaret).
1574 4550 1608 4561 -
1623 4538 1648 4576 c.
1666 4533 1696 4577 et
1709 4527 1748 4582 A,

608 4635 638 4643 -
657 4605 681 4653 d.
701 4613 804 4654 etatem
825 4612 1010 4669 pretextatam
1029 4603 1053 4654 A
1063 4620 1069 4664 ;
1084 4604 1115 4666 jc
1131 4606 1233 4669 corrige
1250 4604 1496 4671 d'apre'sMacrobe.
1515 4636 1549 4645 -
1565 4624 1588 4664 e.
1606 4608 1688 4665 Dm
1706 4615 1746 4673 Α,

606 4695 682 4758 uprc's
706 4690 829 4749 feminei,
849 4707 881 4739 un
899 4689 932 4740 lit
949 4705 1042 4752 serua,
1062 4692 1131 4740 inuis
1147 4695 1298 4755 cxponctm‘.
1319 4720 1352 4729 -
1367 4692 1396 4757 s.
1415 4692 1496 4743 Dans
1512 4695 1550 4752 Α,
1569 4698 1649 4764 apris
1665 4697 1750 4755 Lam.

607 4781 712 4838 bertus,
723 4796 754 4827 rm
765 4776 798 4827 lit
808 4777 905 4843 major,
920 4780 989 4828 mais
1000 4781 1152 4843 exponetur.
1167 4807 1199 4816 —
1209 4795 1237 4843 g.
1246 4780 1435 4832 intervenibat
1448 4782 1486 4834 Α.
1500 4782 1567 4834 -la
1580 4785 1698 4851 hyatum
1707 4791 1746 4843 A.

607 4897 638 4905 -
656 4868 673 4917 i.
693 4864 809 4915 anulum
823 4865 859 4915 Α.
873 4893 905 4902 -
917 4865 942 4927 j.
961 4864 1038 4915 anuli
1051 4865 1088 4914 Α.
1102 4892 1134 4901 -
1152 4864 1177 4917 d.
1197 4864 1304 4930 paleam
1317 4866 1355 4916 Α.
1368 4895 1401 4903 -
1419 4866 1439 4920 l.
1456 4869 1704 4937 phylosophum.
1778 4899 1818 4948 40
