4450 6125
937 876 1091 960 Sancti
1120 877 1330 962 Huberti.
1639 873 1714 958 123

573 1182 614 1228 ex
633 1166 769 1230 allodiis
786 1188 854 1251 que
873 1169 1009 1234 fuerant
1027 1176 1198 1238 comitisse
1219 1174 1392 1239 Richeldis
1405 1187 1431 1247 ⁴,
1448 1172 1592 1235 addidit.
1610 1171 1653 1235 Et
1673 1189 1714 1233 ne

572 1265 651 1346 quia
669 1269 790 1330 eadem
812 1270 901 1333 dona
922 1290 984 1334 sua
1004 1275 1130 1335 amodo
1152 1276 1203 1337 vel
1226 1277 1429 1337 immutaret
1450 1274 1503 1336 vel
1525 1282 1715 1335 removeret

572 1373 691 1430 eterno
704 1373 924 1435 anathemate
937 1374 1151 1454 dampnavit.
1171 1377 1264 1438 Hanc
1279 1385 1414 1456 partem
1430 1375 1520 1439 Arfie
1534 1373 1548 1415 ⁵
1563 1376 1658 1439 Cono
1672 1376 1713 1436 de

576 1466 761 1531 Hamerina
778 1471 787 1498 ¹
802 1471 892 1535 tollit
906 1474 1044 1536 ecclesie
1059 1475 1092 1535 vi
1109 1484 1143 1537 et
1158 1475 1296 1555 injuste.

531 1687 545 1738 s
615 1672 673 1732 52.
691 1671 770 1749 (66.)
788 1673 896 1737 Mater
909 1677 1046 1739 ecclesia
1062 1679 1150 1740 beati
1168 1679 1323 1741 Mononis
1340 1678 1502 1757 martyris
1515 1676 1659 1740 Nasanie
1672 1675 1714 1736 ²a

575 1771 774 1835 Gualcaudo
784 1787 795 1814 ⁶
806 1776 967 1856 episcopo
978 1779 1059 1841 data
1073 1777 1196 1854 suerat,
1210 1797 1290 1841 cum
1303 1779 1466 1842 omnibus
1477 1777 1494 1816 ὅ
1505 1796 1571 1857 que
1583 1778 1623 1838 ad
1637 1794 1711 1837 eam

571 1874 757 1954 pertinent,
780 1879 822 1939 ab
846 1879 991 1958 antiquo
1012 1882 1150 1942 ecclesie
1173 1882 1261 1942 beati
1286 1879 1429 1941 Huberti
1452 1880 1486 1940 in
1510 1878 1711 1959 potestativa

570 1973 700 2036 ditione
714 1989 736 2039 ‘.
756 1977 837 2055 Ejus
851 1977 975 2050 clerici,
991 1979 1139 2059 acceptis
1158 1982 1202 2041 ab
1223 1980 1345 2041 abbate
1362 1979 1541 2059 prebendis
1555 1969 1578 2051 ³,
1594 1986 1710 2039 tamen

570 2093 738 2139 consensu
760 2089 794 2140 et
820 2079 920 2156 laude
943 2078 1104 2151 fratrum,
1129 2080 1288 2142 condicto
1311 2081 1359 2141 eis
1383 2091 1415 2141 et
1437 2079 1550 2141 soluto
1572 2077 1712 2140 servitio

516 2194 543 2232 ro
569 2173 676 2235 debiti
702 2176 853 2249 honoris,
876 2176 946 2256 jam
971 2197 1009 2239 ex
1037 2188 1120 2240 tunc
1145 2179 1380 2241 detrectabant
1408 2197 1466 2259 per
1492 2178 1710 2240 insolentiam

566 2275 704 2337 subesse
718 2275 849 2356 justitie
865 2279 1007 2353 abbatis,
1025 2280 1090 2341 nisi
1106 2280 1141 2340 in
1158 2280 1371 2342 clericalibus
1386 2280 1536 2342 conciliis
1555 2279 1621 2341 sub
1643 2278 1710 2340 dis-

567 2374 1708 2462 trictioneepiscopali.Hancquoqueinsolentiam,petenteabbate,

565 2473 744 2556 episcopus
758 2478 908 2540 liberum
924 2480 1136 2542 constituens
1151 2481 1257 2541 altare
1272 2481 1426 2559 ejusdem
1447 2482 1585 2542 ecclesie
1600 2480 1708 2541 absol·

566 2575 627 2648 vit,
641 2586 674 2637 et
688 2595 809 2639 omnes
819 2580 1011 2642 exactiones
1026 2590 1059 2641 et
1075 2580 1222 2658 justitias
1237 2580 1445 2658 episcopales
1456 2591 1489 2641 et
1500 2579 1707 2642 archidiaco-

516 2698 537 2748 ις
568 2674 1705 2755 nales,presenteibietsecumcumdonanteBosonearchidiacono,

565 2776 701 2838 ecclesie
726 2779 811 2840 beati
838 2780 927 2841 Petri
951 2792 984 2843 et
1007 2782 1093 2842 beati
1121 2782 1264 2843 liuberti
1287 2782 1545 2862 imperpetuum
1562 2781 1705 2852 remisit,

564 2878 777 2960 eandemque
799 2875 1035 2944 remissionem
1058 2883 1158 2963 legali
1181 2882 1268 2944 facto
1291 2883 1470 2963 privilegio
1492 2880 1704 2944 autorizavit.

565 2979 665 3055 Quod
685 2989 803 3042 autem
819 3000 899 3060 pace
915 2984 1010 3044 beate
1025 2984 1099 3062 ejus
1114 2986 1228 3045 anime
1245 2996 1428 3065 sancteque
1445 2984 1620 3055 memorie,
1639 3000 1706 3043 non

563 3080 706 3161 quidem
731 3086 952 3162 exprobando
973 3088 1030 3147 sed
1055 3087 1279 3156 condolendo,
1304 3088 1451 3158 dicatur,
1477 3085 1706 3147 Theodericus

516 3188 539 3242 =o
564 3191 598 3244 et
632 3181 836 3245 Lambertus
868 3184 941 3262 ejus
976 3186 1187 3265 simplicitati
1225 3186 1310 3246 adeo
1344 3186 1630 3255 dominabantur,
1669 3195 1706 3243 ut

565 3283 709 3346 omnino
730 3285 834 3346 eisin
859 3285 1021 3347 omnibus
1040 3305 1075 3348 se
1097 3288 1261 3358 crederet,
1286 3296 1319 3348 et
1341 3287 1439 3368 quasi
1461 3287 1616 3347 consulto
1639 3286 1706 3346 Deo

563 3386 699 3446 eosdem
722 3386 934 3448 consultores
953 3387 1099 3449 audiret.
1125 3387 1184 3449 His
1204 3388 1297 3449 enim
1323 3387 1431 3449 fidens
1457 3385 1702 3466 provisoribus.

598 3602 623 3635 a.
638 3584 718 3636 Dans
730 3587 767 3646 A,
781 3602 815 3636 ex
832 3586 944 3637 allodiis
961 3603 1016 3653 que
1033 3586 1141 3638 fuerant
1159 3587 1301 3637 comitisse
1320 3586 1451 3637 richeldis
1469 3587 1538 3634 tvr'ent
1553 3590 1630 3649 apris
1642 3602 1704 3636 ana·

566 3673 691 3723 themate
703 3672 864 3738 dampnavit
877 3690 882 3729 ;
896 3676 965 3723 mais
977 3675 1019 3723 des
1034 3674 1152 3723 leminis
1169 3673 1331 3722 ritailio‘ent
1348 3673 1444 3722 l'ordrc
1455 3689 1554 3721 comme
1569 3673 1703 3722 cracem.

516 3772 538 3823 15
565 3785 598 3794 -
608 3756 630 3806 h.
645 3756 724 3808 Dans
737 3760 773 3813 xl,
787 3758 810 3808 lc
821 3757 904 3808 scribe
915 3761 987 3808 tutti!
999 3758 1105 3809 d'udord
1115 3762 1181 3808 terit
1192 3761 1272 3819 artie,
1284 3759 1306 3807 il
1315 3776 1331 3807 a
1343 3762 1444 3808 ensuite
1456 3761 1557 3823 corrigi
1569 3759 1705 3808 lui-mim(

564 3860 595 3893 en
614 3842 691 3896 arfie.
705 3874 737 3882 -
753 3862 776 3896 c.
790 3845 899 3896 Gualco
912 3847 948 3897 xl.
963 3874 994 3882 —
1007 3847 1032 3895 d.
1048 3847 1171 3900 D‹1ns.l.
1186 3845 1330 3897 ominibus
1347 3862 1416 3894 corr.
1431 3851 1485 3914 par
1501 3848 1703 3907 exportantium

563 3946 595 3981 en
608 3931 751 3982 omnibus.
765 3961 796 3967 -
808 3947 829 3979 e.
844 3931 968 3982 dictione
981 3932 1018 3984 Α.

597 4236 604 4264 ¹
625 4227 816 4288 Hamerenne,
830 4228 1010 4294 dependance
1023 4228 1057 4278 de
1075 4225 1228 4278 Rocheiort
1242 4226 1377 4292 (Namur.
1392 4227 1505 4287 Dinant,
1520 4227 1652 4278 chel-lieu
1666 4230 1700 4278 de

562 4315 689 4379 canton).

516 4408 539 4455 to
596 4400 770 4467 ¹Nassogne
795 4402 823 4451 ni
847 4401 953 4465 l'eglise
977 4400 1185 4451 Salat-Monon
1210 4417 1245 4451 ne
1270 4411 1332 4452 sont
1359 4399 1538 4450 mentionne's
1565 4399 1634 4449 dans
1660 4400 1701 4450 les

561 4489 701 4556 dipldmes
713 4488 748 4539 de
761 4487 911 4544 ll'alcauth
927 4488 995 4537 mais
1014 4487 1033 4537 il
1052 4503 1087 4537 ne
1106 4486 1163 4537 laut
1177 4503 1225 4553 pas
1242 4485 1354 4538 oublier
1366 4502 1420 4553 que
1439 4501 1510 4536 nous
1523 4501 1558 4537 ne
1569 4488 1700 4537 connais·

560 4591 624 4627 sons
644 4590 690 4627 ces
710 4575 859 4640 diqiltimes,
878 4590 933 4641 que
955 4588 1004 4638 par
1024 4573 1064 4624 les
1085 4573 1203 4624 extraits
1219 4588 1275 4639 que
1294 4587 1365 4623 nous
1382 4588 1417 4622 en
1436 4587 1451 4622 a
1470 4573 1602 4623 transmis
1620 4584 1700 4624 notre

562 4662 714 4729 Chronr'que
725 4663 769 4728 (ut
780 4660 871 4727 aliqua
883 4677 915 4709 ea·
927 4660 1021 4709 eisdem
1031 4659 1182 4726 privilegiis
1191 4662 1400 4725 interponamus,
1411 4659 1554 4719 cidessus,
1567 4676 1595 4727 p.
1611 4662 1664 4725 ιι).

591 4756 602 4795 ³
622 4749 644 4800 ll
657 4748 730 4800 aete
743 4749 873 4815 question
889 4747 1128 4797 anterieurement
1141 4745 1214 4796 dela
1228 4746 1325 4812 brigue
1342 4750 1357 4795 a
1376 4745 1498 4813 laquelle
1515 4748 1587 4798 avait
1605 4747 1698 4799 donne

516 4838 534 4889 ts
559 4836 615 4888 lieu
629 4851 685 4886 une
696 4835 731 4886 de
744 4851 790 4886 ces
807 4834 973 4900 prebendes,
986 4834 1021 4884 de
1033 4833 1058 4883 la
1072 4843 1132 4899 part
1146 4833 1211 4883 d'un
1229 4849 1320 4883 neveu
1333 4832 1368 4883 de
1384 4833 1575 4884 l'arehidiacre
1589 4833 1695 4888 Boson:

559 4938 624 4989 νος.
636 4921 782 4980 cidessus,
797 4937 824 4986 p.
840 4934 869 4984 ῃ
