4450 6125
798 885 953 969 sancti·
981 884 1194 971 Haben-tt.
1493 920 1567 1003 ¹97

432 1190 715 1263 conversationis,
754 1197 898 1271 uterque
937 1190 1116 1254 convictus
1155 1190 1227 1254 loco
1260 1209 1365 1273 quem
1399 1192 1571 1257 invaserat

430 1290 574 1352 decessit
589 1290 610 1352 ¹.

470 1470 529 1530 79.
555 1465 635 1544 (98.)
660 1467 804 1546 Scripsit
832 1466 1003 1546 extemplo
1032 1467 1198 1531 Otbertus
1227 1468 1431 1549 Berengero‚
1456 1488 1492 1533 sc
1520 1471 1569 1534 illi

431 1567 667 1649 regratiatum,
690 1579 723 1629 et
742 1569 866 1646 rejecto
887 1567 1099 1630 Wolbodone
1119 1568 1192 1645 eius
1211 1569 1415 1632 deliberasse
1435 1589 1570 1635 monas·

388 1692 400 1743 ς
430 1670 569 1744 terium,
588 1671 717 1748 plaeere
731 1669 795 1731 sibi
811 1681 844 1731 ct
859 1670 1067 1750 primatibus
1081 1671 1153 1734 suis
1173 1681 1210 1733 ut
1229 1669 1374 1733 fidenter
1393 1674 1520 1748 redeat,
1537 1684 1570 1738 et

430 1769 550 1833 iratres
565 1771 623 1852 qui
641 1772 681 1831 ad
700 1789 779 1833 eum
799 1768 1023 1853 confugerant
1042 1790 1157 1834 secum
1179 1773 1327 1834 reducat.
1347 1774 1468 1836 Abbati
1489 1792 1570 1837 vero

430 1871 649 1947 Theoderico
680 1873 757 1934 iicet
787 1874 878 1934 idem
907 1872 1109 1954 suffragium
1140 1873 1301 1956 idemque
1333 1874 1499 1950 iudicium
1533 1876 1567 1937 in

428 1990 530 2035 causa
555 1971 667 2048 luerit,
695 1975 759 2036 hoc
784 1974 930 2036 scribere
955 1974 1197 2040 dissimulavit.
1226 1974 1461 2036 tenacissimus
1488 1993 1569 2057 erga

428 2093 508 2137 eum
533 2082 692 2153 concepte
717 2076 976 2157 indignationis,
1001 2076 1131 2153 optime
1156 2075 1260 2138 etiam
1284 2075 1439 2138 conscius
1468 2075 1568 2138 illum

371 2200 402 2237 ιο
430 2194 497 2239 non
523 2178 861 2239 communicaturum
882 2177 963 2245 sibi.
987 2187 1141 2256 preterea
1161 2195 1241 2239 cum
1262 2177 1330 2239 iilis
1350 2177 1422 2240 suis
1433 2176 1570 2258 {fidelis

429 2280 545 2342 ribus⁰
560 2279 741 2340 abbatibus
756 2288 790 2341 et
804 2278 1051 2341 archidiaconis
1065 2278 1229 2340 secretius
1245 2288 1407 2351 tractans,
1430 2289 1468 2340 ut
1487 2278 1569 2360 quia

427 2383 468 2443 ad
485 2382 557 2458 ejus
573 2380 736 2459 placitum
753 2379 827 2441 licet
843 2379 967 2456 injuste
981 2378 1082 2441 illum
1097 2378 1468 2441 excommunicandum
1484 2378 1567 2442 olim

428 2483 675 2557 iudicaverant,
703 2480 798 2542 nullo
824 2481 927 2540 modo
952 2497 1050 2541 suam
1080 2491 1279 2560 paterentur
1301 2478 1469 2541 intirmari
1495 2497 1569 2543 sen-

427 2587 581 2656 tentiam,
609 2584 673 2644 nisi
701 2582 837 2662 publica
863 2582 1088 2645 satisfactione
1116 2584 1190 2661 ejus
1218 2582 1407 2663 requireret
1430 2583 1567 2646 absolu·

369 2708 397 2759 ts
427 2690 556 2749 tionem
582 2697 614 2748 et
640 2685 799 2764 gratiam.
832 2684 1046 2767 Berengerus
1073 2693 1203 2759 autem,
1229 2694 1368 2764 accepta
1397 2684 1568 2765 legatione

427 2789 575 2864 Otberti,
602 2787 715 2867 primo
739 2788 880 2869 quidem
903 2788 1029 2850 dubius
1056 2787 1142 2849 hesit
1164 2805 1207 2848 an
1229 2799 1323 2867 cepte
1345 2786 1357 2825 ³
1378 2785 1566 2850 defensioni

458 3003 483 3037 a.
504 2983 702 3036 fidelilioribus
714 2984 750 3036 A.
765 3014 797 3022 -
809 2983 832 3036 b.
847 2983 926 3034 Dans
936 2984 972 3045 A,
984 2983 1007 3034 le
1015 2982 1098 3034 scribe
1108 2986 1182 3034 avait
1191 2986 1257 3034 terit
1268 2994 1382 3051 accepte
1387 3002 1395 3046 ;
1410 2983 1456 3036 ila
1466 2987 1569 3053 corrigi

425 3073 526 3121 ensuite
537 3087 568 3119 en
580 3086 616 3121 an
629 3079 719 3137 cepte.

458 3299 466 3325 ¹
487 3291 529 3342 En
543 3307 574 3341 ce
586 3292 633 3357 qui
646 3305 785 3341 concerne
797 3288 969 3349 Wulbodon,
984 3298 1065 3340 notre
1083 3291 1276 3356 chroniqueur
1292 3299 1334 3341 est
1352 3290 1479 3341 d'accord
1496 3306 1564 3343 avec

364 3400 396 3438 20
424 3378 557 3436 Russus,
579 3394 654 3427 oriar.
674 3379 733 3437 citc',
754 3394 778 3430 c.
802 3391 842 3442 50,
863 3393 930 3428 avec
954 3387 1027 3428 cette
1046 3377 1215 3444 divergencc
1235 3378 1270 3429 de
1290 3378 1375 3429 detail
1396 3395 1460 3446 que,
1482 3380 1562 3432 selon

424 3465 543 3530 Rupert,
567 3464 670 3516 Otbert
690 3466 779 3515 aurait
804 3475 901 3515 retenu
922 3463 1037 3515 d'abord
1059 3463 1220 3515 Wolbudnn
1241 3469 1343 3531 aupres
1363 3465 1398 3516 de
1422 3465 1471 3526 lui,
1492 3466 1561 3518 dans

421 3556 535 3620 l'espoir
551 3554 687 3605 d’ecarter
705 3568 755 3619 par
771 3552 894 3619 quelque
912 3551 1045 3603 nouvelle
1059 3567 1122 3602 ruse
1136 3551 1286 3619 lii-renger.
1301 3551 1377 3604 Puur
1391 3553 1558 3619 ingobrand,

421 3659 459 3694 un
483 3642 633 3694 de'saccurd
658 3640 721 3707 plus
745 3639 801 3690 recl
826 3641 915 3689 existe
939 3649 1019 3689 entre
1043 3650 1125 3689 notre
1147 3640 1216 3688 re'cit
1236 3649 1264 3689 et
1286 3639 1312 3689 lc
1337 3639 1414 3690 Gesta
1437 3640 1559 3692 ‹idtntmn

420 3729 613 3789 chii'cnsium,
636 3727 750 3787 attitl.
769 3726 831 3786 SS.,
852 3737 871 3778 t.
892 3725 967 3785 xxi,
987 3742 1014 3792 p.
1036 3740 1081 3789 317
1102 3742 1107 3776 :
1129 3724 1183 3774 Sui
1200 3725 1252 3774 litis
1271 3725 1358 3775 dubus
1377 3725 1560 3793 Ingodrnndus

360 3832 390 3884 ²5
421 3819 505 3866 nestri
525 3815 641 3865 caenobii
663 3812 807 3864 ittunnclms
828 3814 1047 3877 zlndngentnscm
1070 3811 1211 3872 nttnn'nn,
1234 3829 1282 3879 quc
1305 3815 1333 3861 in
1356 3813 1453 3863 honore
1474 3820 1562 3865 uincti

420 3902 537 3952 Huicrti
548 3905 576 3950 in
592 3901 729 3951 Lendicnsi
743 3901 891 3966 episcopatu
909 3901 1023 3962 insignis
1038 3898 1157 3958 Ιιαόιίην,
1170 3898 1312 3949 nnititi'anc
1325 3901 1419 3950 ductus
1434 3903 1557 3963 reddidit,

416 4006 524 4055 sperans
547 4005 572 4035 se
594 3988 726 4036 ‹utinturio
738 3987 842 4051 J'rntris
862 3988 905 4034 sni
928 3984 1031 4035 Gultcri
1056 3983 1243 4035 Tiitidinicnus
1263 3986 1383 4036 ‹ittucnti
1401 3995 1426 4037 et
1443 4004 1555 4040 sutirum

417 4074 559 4133 natalium,
577 4077 624 4141 qui
639 4073 710 4122 haenc
725 4075 794 4120 inter
811 4079 938 4120 nostrates
953 4070 1120 4127 excellebant,
1137 4071 1267 4122 «titatium
1286 4072 1461 4134 Loddicnsem,
1478 4078 1556 4126 eiecto

417 4160 559 4219 Fulcurdn.
577 4163 624 4228 qni
636 4167 685 4226 pre
698 4159 868 4222 simplicitate
884 4161 950 4207 aituc
965 4161 1043 4225 qitasi
1057 4161 1147 4207 minus
1164 4159 1238 4208 utilis
1252 4169 1324 4217 essct,
1337 4167 1412 4229 posse
1424 4164 1555 4227 adipisci:

357 4267 390 4315 ,ο
416 4249 461 4298 scd
471 4251 517 4316 qni
526 4254 606 4315 purat
614 4249 739 4315 prosimu
749 4244 908 4309 accusantum
921 4245 1017 4294 incidet
1029 4248 1057 4293 in
1069 4262 1138 4295 cam.
1157 4253 1165 4293 t
1170 4244 1298 4295 >tibertus
1313 4263 1408 4313 quippe
1421 4250 1554 4312 episcopus

416 4337 446 4385 de
458 4352 540 4385 nitenti
556 4338 639 4401 ipsius
652 4336 769 4403 priorem
784 4331 914 4382 attactam
929 4336 1025 4398 recepit
1040 4334 1067 4380 in
1083 4349 1127 4396 spe
1137 4331 1258 4390 alterius,
1272 4334 1301 4382 it
1310 4342 1348 4383 est
1359 4332 1517 4395 lobbiensis,
1530 4345 1555 4386 et

414 4425 476 4490 quin
492 4432 515 4471 ct
527 4422 679 4486 pltirimnm
698 4420 828 4470 Flamin·
841 4421 922 4484 dignu
936 4419 992 4469 Deo
1005 4418 1123 4486 placebat
1134 4419 1291 4480 sittiplicitus
1306 4429 1332 4470 et
1347 4422 1434 4471 detntn
1449 4422 1552 4488 religio,

415 4524 460 4556 nec
483 4510 603 4575 primam
630 4506 673 4555 illi
699 4521 745 4554 nec
767 4505 909 4554 secitndnm
932 4503 1024 4554 itiitere
1045 4507 1178 4554 concessit.
1202 4503 1321 4555 Laelius
1343 4514 1430 4556 ticinen
1451 4524 1554 4558 mem

413 4593 525 4642 secundo
540 4598 599 4660 pust
618 4591 733 4640 attalem
755 4591 808 4640 lucu
827 4600 851 4640 et
871 4591 967 4641 tunm
988 4595 1029 4641 nti
1047 4593 1207 4641 conceditur.
1227 4591 1323 4654 Sitque
1338 4593 1411 4659 apud
1427 4610 1472 4643 nes
1492 4593 1555 4645 obiit

353 4699 384 4751 35
413 4689 438 4729 et
455 4681 572 4746 sepultus
590 4689 628 4728 est
644 4689 706 4728 unte
720 4679 806 4728 «ultim
821 4683 910 4730 suncti
925 4679 1069 4730 Laurentii
1084 4682 1112 4728 in
1129 4677 1235 4729 ecclesie
1250 4682 1338 4729 stncti
1356 4679 1492 4734 t'rsnari.
1512 4681 1552 4734 Le

415 4769 483 4821 tecit
503 4768 540 4818 du
566 4768 753 4817 t'nntnturium
774 4777 802 4817 et
822 4766 895 4818 celui
916 4767 953 4818 du
978 4766 1055 4818 Gesta
1077 4765 1201 4817 nhdntnm
1222 4765 1405 4817 Luddiensitim
1429 4784 1465 4819 nc
1488 4780 1551 4822 sont

415 4872 462 4924 pes
475 4854 698 4909 inconciliables:
713 4854 747 4904 ils
757 4854 927 4905 s'accordent
940 4870 974 4905 en
986 4864 1047 4906 tout
1060 4868 1106 4905 cas
1118 4868 1166 4904 sur
1178 4852 1205 4904 le
1217 4851 1275 4914 leit,
1288 4854 1420 4906 essentie}
1436 4858 1451 4904 l
1470 4867 1552 4907 notre

416 4944 493 5008 pciint
506 4942 541 4993 de
555 4957 617 4999 vue,
631 4941 667 4992 du
682 4941 780 5005 depart
793 4939 979 5007 d'lngubrand
992 4940 1027 4992 de
1040 4938 1254 4991 Senot-Hubert.
