4450 6125
784 884 939 987 Sancti
968 901 1181 985 Habenti.
1292 890 1325 922 ³
1471 898 1555 983 '203

413 1229 429 1259 ι
454 1203 536 1285 quid
553 1202 682 1280 seceris,
701 1201 736 1262 in
758 1207 787 1262 te
805 1201 889 1263 scios
914 1198 1151 1261 vindicandum
1173 1224 1198 1258 ι.
1216 1199 1295 1259 Item
1317 1197 1504 1278 Gregorius
1524 1203 1557 1260 in

414 1303 663 1384 evangeiiorum
675 1300 890 1363 tractatibus¹
904 1319 913 1364 :
928 1326 942 1356 α
956 1299 1038 1379 Sepe
1048 1306 1193 1375 pastores
1207 1299 1345 1373 ecclesie,
1359 1300 1557 1380 inligentia

417 1432 431 1462 ι
455 1412 485 1468 et
505 1406 677 1477 solvendis,
700 1423 757 1466 sue
778 1404 958 1465 voluntatis
976 1417 991 1442 ⁶
1013 1407 1132 1475 motus,
1157 1420 1223 1462 non
1245 1405 1354 1463 nutem
1379 1420 1558 1464 causarum

417 1533 431 1563 ι
457 1508 575 1569 merito
590 1511 775 1587 sequamur
786 1504 809 1566 ⁶.
829 1504 922 1568 Unde
928 1502 973 1581 fit
987 1504 1047 1566 hoc
1062 1503 1195 1583 ligandi
1205 1507 1235 1563 et
1249 1502 1396 1565 solvendi
1407 1509 1559 1582 potestate

374 1632 386 1683 ς
418 1632 431 1665 ι
455 1627 488 1672 ee
509 1609 625 1687 privet,
649 1608 710 1687 qui
730 1607 815 1667 hone
836 1607 986 1685 prositis
1005 1603 1245 1676 uoluntatibus,
1266 1621 1413 1682 nonpro
1432 1602 1558 1683 subjec-

416 1734 429 1766 ο
455 1717 565 1772 torum
588 1709 747 1782 moribus,
771 1713 907 1770 exercet.
934 1707 1014 1785 Sepe
1029 1704 1074 1783 fit
1100 1711 1136 1767 ut
1157 1725 1240 1786 ergo
1265 1706 1459 1785 proximum
1482 1707 1559 1768 odio

416 1836 429 1867 ι
455 1812 502 1873 oet
528 1812 641 1891 gratio
668 1814 838 1871 moveatur
862 1814 985 1888 postor.
1017 1807 1177 1883 Judicore
1202 1812 1311 1869 autem
1340 1808 1379 1868 de
1407 1806 1558 1886 subjectis

415 1936 429 1967 ι
453 1913 554 1993 digne
573 1917 749 1992 nequeunt,
770 1911 830 1991 qui
848 1913 883 1972 in
902 1909 1113 1971 subditorum
1134 1909 1243 1971 causis
1264 1926 1324 1971 sua
1346 1907 1395 1970 vet
1415 1908 1490 1969 odeo
1509 1906 1559 1969 uei

415 2015 600 2095 «gratiam
625 2018 811 2094 sequuntur
830 2010 855 2072 ⁴.
884 2010 990 2075 cause
1017 2029 1099 2091 ergo
1127 2010 1289 2089 pensante
1316 2015 1393 2071 sunt
1421 2014 1451 2070 et
1479 2014 1559 2070 tunc

355 2123 388 2178 ie
416 2140 430 2171 ι
455 2116 588 2195 ligendi
601 2119 632 2176 et
645 2115 792 2176 solvendi
804 2118 945 2192 potestas
960 2112 1136 2174 exercendo
1155 2136 1182 2173 ι.

454 2319 514 2378 82.
537 2316 635 2390 (102.)
659 2314 704 2375 Ea
731 2321 932 2392 tempestate
955 2312 978 2385 ²,
1011 2312 1169 2374 hortante
1196 2328 1284 2391 papa
1311 2310 1459 2384 Urbano,
1491 2330 1557 2373 una

413 2419 602 2498 eademque
630 2414 774 2478 intentio
804 2414 911 2476 tocius
939 2413 1127 2499 occidentis
1155 2413 1361 2475 christianos
1387 2413 1556 2476 exciverat

415 2518 570 2600 populos,
588 2516 746 2579 videlicet
767 2525 918 2577 armatos
936 2514 1194 2577 lherosolimam
1214 2513 1320 2586 adire,
1337 2522 1371 2576 et
1388 2513 1505 2577 Medos
1524 2521 1558 2576 et
1655 2514 1664 2537 ⁶

417 2621 536 2682 Persas
553 2618 614 2699 qui
633 2636 709 2680 eam
732 2618 927 2679 invaserant
948 2615 1130 2688 debellare,
1153 2625 1350 2697 terramque
1374 2619 1558 2695 repromis-

360 2753 388 2804 ις
418 2722 547 2783 sionis‘
582 2719 645 2782 sibi
677 2719 860 2781 tenendam
893 2718 1088 2798 subjugare.
1126 2718 1212 2780 Huic
1244 2716 1452 2798 expeditioni
1490 2735 1558 2780 non

417 2822 530 2884 solum
550 2821 681 2882 diverse
698 2820 797 2882 etatis
813 2819 1008 2899 populares,
1024 2819 1082 2881 sed
1099 2819 1205 2880 etiam
1220 2818 1285 2898 ipsi
1301 2818 1560 2898 provinciarum

417 2932 658 2986 consenserant
688 2921 869 3002 principes,
896 2931 930 2984 et
955 2930 1077 3006 sponte
1106 2920 1310 2999 posthabitis
1336 2920 1503 2983 uxoribus
1526 2932 1561 2984 et

418 3023 507 3098 filiis,
531 3024 720 3086 honoribus
742 3041 879 3105 quoque
901 3032 934 3085 et
956 3022 1175 3103 patrimoniis
1193 3034 1253 3086 aut
1271 3022 1414 3085 omnino
1435 3022 1560 3086 relictis

417 3136 478 3188 aut
498 3125 611 3206 precio
629 3124 810 3196 distractis,
834 3121 1039 3185 festinabant
1058 3136 1195 3203 captare
1215 3124 1343 3187 incerta
1364 3142 1427 3205 pro
1445 3126 1556 3188 certis.

355 3250 390 3288 ιο
418 3227 507 3291 Cum
529 3228 582 3288 his
602 3222 806 3288 Godeiridus
827 3226 897 3287 dux
918 3225 968 3287 ire
988 3226 1215 3305 disposuerat,
1236 3238 1268 3289 et
1289 3244 1391 3289 causa
1414 3227 1558 3307 parandi

449 3443 474 3478 e.
495 3426 647 3478 volontatis
659 3427 696 3478 A.
709 3454 741 3464 -
760 3423 782 3476 b.
802 3435 935 3478 secuntur
947 3426 984 3479 A.
1000 3456 1030 3463 -
1048 3444 1070 3475 c.
1092 3427 1304 3493 repromisionis
1316 3428 1353 3478 A.

453 3769 459 3796 ¹
478 3760 562 3812 Cette
578 3762 695 3812 citation
713 3776 744 3811 se
763 3760 861 3822 retere,
882 3761 1055 3821 semble-tul,
1075 3764 1091 3811 h
1110 3761 1185 3812 i'une
1204 3777 1241 3813 ou
1261 3760 1360 3812 l'autre
1378 3760 1426 3811 des
1445 3776 1559 3811 ‹euvres

417 3849 559 3900 suivantcs
577 3849 611 3900 de
630 3848 658 3900 S.
676 3846 815 3914 Gregoire
834 3848 860 3899 le
878 3847 975 3900 (irand
995 3866 1000 3896 ε
1021 3848 1063 3898 l)e
1079 3851 1237 3914 repositione
1253 3853 1344 3898 veteris
1359 3865 1390 3898 oc
1407 3852 1468 3897 novi
1483 3856 1558 3897 testo·

418 3937 502 3984 menti
528 3932 593 3983 liber
618 3934 648 3982 de
672 3933 782 3982 transis
808 3934 836 3986 S.
868 3932 991 3999 Gregorii
1016 3933 1115 3998 Magni
1139 3934 1215 3983 litris·
1244 3936 1426 3995 concinnatus,
1453 3943 1560 3984 auctore

356 4027 388 4078 25
420 4021 448 4072 S.
470 4019 593 4073 I’oterio:
613 4019 655 4069 De
672 4023 830 4085 repositione
849 4024 909 4069 nori
926 4023 1083 4080 testamenti,
1104 4031 1211 4071 truciore
1229 4021 1334 4086 ittutfo,
1354 4022 1422 4073 dans
1444 4022 1557 4082 δίωκε,

420 4107 522 4157 Potrol.
536 4105 594 4166 lat,
609 4117 629 4156 t.
645 4105 772 4158 LXXIX.
788 4106 858 4158 Mais
869 4109 896 4172 je
910 4107 961 4158 n'ai
977 4124 1012 4174 pu
1027 4107 1168 4159 identiher
1180 4120 1223 4159 cet
1236 4119 1379 4175 emprunt.

452 4203 461 4229 ¹
481 4193 521 4245 Le
538 4194 646 4245 concile
663 4194 698 4245 de
716 4193 863 4246 Clermont
883 4210 912 4245 se
931 4198 984 4245 tint
1002 4210 1037 4245 en
1059 4210 1135 4260 1095:
1153 4195 1328 4247 i’assemblee
1349 4198 1407 4263 qui,
1424 4200 1438 4246 a
1455 4196 1556 4264 l'appel

417 4280 553 4332 d’Urbain
572 4281 607 4339 Η,
621 4281 718 4332 decida
735 4280 760 4331 la
776 4282 911 4341 croisade‚
924 4293 972 4332 eut
991 4282 1045 4333 lieu
1065 4281 1091 4332 le
1109 4283 1140 4333 26
1158 4282 1322 4334 novembre.
1337 4282 1376 4333 Le
1390 4285 1558 4336 rassemble-

420 4380 498 4420 ment
514 4370 562 4419 des
578 4371 683 4420 croises
698 4371 771 4421 avait
788 4370 832 4420 ote
851 4368 904 4421 fixi
922 4385 971 4435 par
983 4368 1091 4420 Urbain
1105 4370 1130 4420 11
1147 4386 1181 4421 au
1203 4385 1211 4421 ι
1218 4384 1229 4434 5
1246 4373 1313 4421 aout
1330 4372 1404 4436 1096;
1425 4375 1493 4423 mais
1509 4373 1558 4424 des

360 4464 393 4512 30
421 4457 587 4508 multitudes
603 4457 638 4508 de
653 4473 722 4525 gens
738 4458 865 4508 n'eurent
882 4473 930 4524 pas
943 4457 969 4508 la
981 4473 1090 4524 sogesse
1105 4458 1262 4510 d'attendre
1278 4468 1352 4510 cette
1364 4460 1440 4517 date:
1455 4476 1492 4511 on
1505 4463 1557 4511 seit

418 4560 450 4596 ce
466 4546 515 4611 qui
532 4560 566 4595 en
583 4545 690 4596 adsint.
707 4544 741 4595 Je
757 4545 818 4595 dois
835 4561 880 4595 me
896 4555 1044 4596 coutentes
1060 4546 1095 4596 de
1112 4561 1251 4612 renvoyer
1267 4546 1294 4597 le
1312 4546 1428 4608 lecteur,
1442 4563 1515 4614 pour
1532 4548 1556 4600 ia

415 4633 547 4700 question
560 4632 595 4683 de
608 4631 633 4682 ia
646 4633 786 4698 premiere
798 4632 923 4683 croisade
936 4632 1056 4684 touchee
1068 4633 1102 4684 ici
1115 4633 1401 4685 occasionnellement
1414 4649 1463 4700 per
1475 4645 1556 4686 notre

415 4721 616 4786 chroniqueur,
634 4723 649 4770 a
666 4719 843 4771 l'abondante
859 4719 1018 4770 litterature
1034 4720 1071 4770 du
1089 4721 1171 4786 sujet,
1191 4720 1447 4786 particulierement
1465 4725 1479 4771 t
1499 4736 1555 4773 sou

415 4807 519 4867 Stulte,
536 4807 687 4858 Geschichtr
698 4806 740 4856 des
751 4814 835 4855 ersten
851 4805 1037 4871 li'reuzzuges:
1056 4805 1222 4867 Rofflucttt,
1245 4806 1395 4857 Gesctr'ctte
1412 4809 1454 4857 ies
1470 4819 1554 4858 ersten

357 4899 385 4948 ³5
417 4897 604 4959 trreuzzuges:
623 4894 730 4946 hreni
749 4906 805 4945 voa
828 4892 964 4953 Kuount',
984 4910 1059 4945 onir.
1081 4895 1139 4952 citt,
1163 4904 1182 4944 t.
1207 4893 1254 4951 IV,
1278 4909 1323 4959 pp.
1346 4907 1403 4957 457,
1426 4896 1483 4953 481,
1508 4897 1553 4957 518

414 4998 527 5036 etsurv.
