4450 6125
492 779 516 861 6
702 782 1014 864 Cantatorr'um
1044 788 1137 864 sive
1172 783 1420 866 Chronioon

490 1102 667 1146 excessum
687 1084 730 1144 de
749 1084 823 1164 ipsa
841 1083 1016 1146 Leodiensi
1033 1086 1111 1146 sede
1126 1083 1240 1165 aliqua
1257 1081 1444 1146 necessario
1458 1081 1631 1148 dicantur,

378 1179 440 1230 Vita
491 1185 649 1236 eandem¹
669 1184 839 1251 episcopii
859 1185 969 1236 sedem
989 1185 1107 1236 beatus
1126 1184 1281 1251 pontifex
1299 1183 1476 1235 Hubertus
1494 1183 1534 1235 ab
1553 1182 1635 1234 urbe

334 1246 683 1365 gsefifflss.T⁰¹²ssfe¹¹⁵i
704 1270 785 1321 olim
805 1270 956 1339 Trajecti
978 1280 1212 1338 permutatam,
1234 1272 1273 1323 ab
1294 1271 1409 1323 eodem
1430 1271 1506 1322 vico
1526 1280 1635 1321 trans·

342 1381 470 1442 wer,
494 1366 577 1417 tulit
604 1365 752 1434 Legtam,
782 1361 840 1421 ubi
870 1360 950 1440 quia
980 1378 1042 1421 suo
1071 1370 1226 1439 tempore
1255 1375 1379 1438 magne
1407 1357 1578 1421 industrie
1602 1367 1637 1418 et

496 1463 673 1542 potestatis
698 1462 820 1543 viguit,
847 1461 1018 1523 modicam
1044 1461 1201 1523 villulam
1221 1461 1258 1522 in
1279 1459 1532 1523 nobilissimam
1556 1459 1636 1521 civi·
1678 1472 1690 1522 5

337 1570 475 1649 anselmi,
496 1572 603 1626 tatem
636 1577 669 1626 et
701 1565 817 1626 sedem
851 1562 1076 1642 episcopalem
1105 1563 1295 1634 suscitavit,
1323 1570 1519 1637 ibidemque
1545 1568 1638 1637 leges

363 1638 450 1754 {39⁸¹ss
495 1664 625 1731 publici
650 1665 736 1730 juris
760 1673 793 1715 et
819 1662 974 1714 forenses
999 1678 1190 1724 mensuras,
1215 1679 1278 1730 que
1301 1664 1411 1715 adhuc
1437 1674 1637 1731 supersunt,

337 1720 719 1831 Leffst'pconstituita.
756 1750 829 1817 Quo
863 1750 963 1800 etiam
1000 1764 1072 1800 cum
1111 1765 1170 1815 per
1204 1750 1451 1802 revelationem
1487 1750 1638 1802 divinam

496 1854 569 1890 ossa
597 1837 854 1904 predecessoris
881 1836 932 1887 sui
962 1836 1047 1887 beati
1076 1834 1250 1887 Lamberti
1278 1837 1431 1887 martiris
1458 1836 1639 1888 retulisset

496 1940 639 1992 eumque
666 1925 698 1974 in
726 1923 801 1974 loco
828 1921 975 1973 martirii
1006 1922 1079 1987 ejus
1108 1923 1277 1987 sepeliens
1306 1922 1486 1974 ecclesiam
1517 1923 1641 1975 conde·
1670 1938 1695 1974 ro

497 2030 629 2072 centem
659 2033 761 2083 super
791 2033 864 2068 eunt
894 2016 1101 2077 edificasset,
1139 2010 1175 2070 in
1211 2011 1296 2090 pede
1330 2029 1468 2091 quoque
1506 2011 1640 2073 Publici

382 2132 441 2235 ζμ.
499 2114 650 2176 Montis²
669 2122 703 2171 in
724 2122 854 2171 honore
876 2118 967 2170 beati
990 2118 1081 2170 Petri
1105 2119 1256 2186 apostoli
1280 2119 1445 2185 templum
1469 2121 1639 2181 extruxit,

356 2195 477 2304 secffida
499 2216 555 2266 ubi
580 2216 788 2282 migraturus
811 2214 849 2264 ad
874 2213 977 2265 Deum
1002 2213 1143 2280 sepeliri
1168 2230 1293 2280 corpus
1315 2230 1410 2265 suum
1434 2215 1640 2266 destinavit.

340 2302 605 2374 S‚Hubes.Cujus
628 2303 846 2353 sanctitatem
871 2315 944 2351 curn
965 2299 1082 2351 crebra
1104 2301 1265 2352 miracula
1290 2300 1520 2363 declararent,
1543 2310 1641 2353 sexto

377 2384 447 2450 ¹523»
500 2398 631 2449 decimo
653 2411 740 2448 anno
765 2395 980 2463 migrationis
1004 2410 1054 2445 sue
1078 2389 1266 2449 translatus
1287 2389 1323 2448 in
1348 2388 1525 2449 ecclesiam
1552 2389 1640 2449 beati
1671 2413 1696 2463 ¹5

354 2467 381 2504 ¹²
393 2462 420 2504 ⁸¹
438 2466 474 2516 ¹5·
502 2493 675 2554 lamberti
697 2511 715 2554 a
735 2492 884 2572 predicta
902 2491 1041 2552 ecclesia
1061 2489 1148 2552 beati
1167 2489 1257 2550 Petri
1272 2481 1295 2565 ³,
1312 2490 1440 2551 ibidem
1460 2498 1642 2552 veneratus

500 2608 550 2657 est
572 2616 631 2667 per
648 2617 753 2652 annos
772 2601 989 2668 septuaginta
1007 2599 1171 2667 quinque.

385 2761 442 2823 825.
541 2762 574 2817 3.
599 2754 658 2833 (5.)
678 2763 776 2813 Anno
795 2776 876 2813 vero
898 2761 1069 2812 lucarnati
1088 2760 1192 2811 Verbi
1211 2761 1266 2824 825
1280 2769 1305 2822 ⁴,
1325 2769 1500 2828 regnante,
1520 2770 1555 2811 ut
1573 2761 1643 2813 dic·

532 2933 559 2966 a.
578 2915 733 2965 constituut
744 2915 782 2964 Α.

535 3193 541 3219 ¹
562 3184 602 3235 La
626 3184 776 3251 Chronique
800 3183 894 3235 utilise
918 3185 953 3236 ici
976 3185 1002 3237 la
1028 3185 1071 3234 Vie
1090 3194 1119 3235 et
1140 3185 1165 3235 la
1190 3184 1361 3235 Translation
1381 3186 1411 3235 de
1430 3186 1502 3235 saint
1522 3184 1639 3247 Hubert,
1669 3205 1699 3242 20

498 3271 663 3337 composees
683 3271 752 3322 dans
773 3271 798 3321 la
819 3272 959 3337 premiere
981 3272 1078 3323 moitie
1101 3272 1140 3323 du
1161 3272 1213 3322 lX⁰
1233 3271 1316 3323 siecle
1337 3287 1387 3337 par
1407 3270 1535 3339 l'eveque
1554 3272 1641 3325 Jonas

499 3357 657 3418 d'Orleans,
671 3366 699 3407 et
711 3356 817 3408 editees
829 3357 898 3408 dans
911 3357 951 3408 les
962 3359 1033 3407 Acta
1046 3357 1216 3419 Sanctorum,
1232 3367 1250 3408 t.
1268 3358 1304 3408 l·r
1315 3357 1351 3408 de
1362 3357 1527 3409 novembre.

533 3452 542 3478 ²
563 3442 744 3505 Publemont,
765 3443 943 3509 auj0urd'hui
963 3442 1269 3504 Mont·Saint·Martin,
1290 3444 1394 3495 colline
1412 3453 1441 3495 et
1462 3446 1588 3510 quartier
1607 3446 1643 3498 de

499 3531 594 3598 Liege.

533 3626 543 3662 3
562 3617 602 3668 Le
618 3617 794 3685 temoignage
811 3618 846 3668 de
864 3617 888 3669 la
912 3617 1063 3684 chronique
1077 3616 1170 3668 relatis
1179 3620 1194 3667 a
1208 3632 1262 3668 une
1275 3621 1414 3683 premiere
1426 3617 1593 3671 translation
1605 3620 1643 3672 du
1673 3635 1700 3685 ²5

500 3719 582 3769 corps
599 3704 634 3754 de
647 3704 719 3755 saint
733 3703 855 3765 Hubert,
869 3704 904 3755 de
915 3702 1022 3771 l'eglise
1039 3702 1228 3754 Salat-Pierrc
1239 3719 1275 3754 en
1287 3702 1393 3771 l'eglise
1407 3703 1642 3767 saint-lambert,

500 3789 526 3839 la
539 3790 669 3839 seizieme
685 3790 774 3840 annee
790 3790 825 3841 de
842 3790 868 3840 la
882 3801 955 3842 mort
968 3791 1005 3841 du
1019 3792 1101 3851 saint,
1115 3801 1158 3840 est
1169 3789 1348 3842 absolunrent
1361 3789 1431 3841 isole
1443 3800 1471 3841 et
1483 3791 1644 3844 insoutena·

501 3874 556 3933 ble,
576 3890 611 3924 en
631 3874 765 3939 presence
784 3876 833 3926 des
851 3877 1042 3944 temoignages
1060 3877 1125 3943 plus
1136 3877 1274 3928 autorises
1289 3887 1316 3927 et
1329 3877 1515 3928 concordants
1526 3876 1563 3929 du
1584 3877 1643 3928 Vita

496 3962 589 4025 prima
607 3959 702 4009 Sancti
719 3959 843 4023 Hubertr',
864 3977 964 4012 oeuvre
975 3962 1041 4012 d’un
1053 3964 1277 4028 contemporain,
1291 3971 1319 4013 et
1330 3963 1367 4014 du
1384 3962 1537 4013 Translatio
1548 3963 1645 4014 Sancti

502 4045 628 4107 Huberti,
648 4046 682 4096 de
701 4047 787 4097 Jonas
804 4047 953 4099 d'Orleans
970 4048 1016 4098 :le
1036 4052 1159 4114 premier
1176 4050 1211 4100 de
1227 4065 1273 4101 ces
1289 4051 1373 4101 ecrits
1388 4050 1465 4116 parle
1483 4051 1642 4104 seulement
1671 4063 1704 4113 50

501 4133 584 4185 d’une
603 4133 727 4183 elevatior
748 4134 784 4184 du
805 4150 888 4200 corps
904 4135 939 4185 de
956 4136 1028 4185 saint
1049 4134 1188 4186 Huberta
1204 4136 1362 4188 l'interieur
1378 4137 1412 4187 de
1429 4136 1535 4206 l'eglise
1552 4137 1643 4190 Saint-

502 4219 597 4272 l'ierre
613 4221 689 4285 (ΑΛ.
707 4219 769 4283 SS,
784 4229 803 4270 t.
819 4220 855 4270 1⁰r
873 4221 908 4271 de
925 4220 1088 4283 novembre,
1108 4239 1154 4288 pp.
1174 4224 1222 4284 80⁴
1242 4223 1262 4273 F
1279 4234 1307 4273 et
1324 4226 1371 4288 805
1390 4222 1436 4286 Di:
1456 4223 1482 4274 le
1500 4225 1644 4287 soconda

503 4322 607 4373 propos
624 4307 659 4358 de
676 4305 702 4358 la
720 4307 885 4358 translation
903 4307 952 4357 des
967 4307 1089 4374 reliques
1100 4324 1136 4358 en
1149 4310 1207 4372 825,
1222 4310 1263 4360 dit
1278 4327 1283 4358 z
1298 4312 1325 4359 in
1338 4309 1406 4360 beati
1416 4309 1556 4360 Lantberti
1567 4312 1623 4362 eccl
1635 4341 1646 4351 ·

500 4395 568 4443 siam
586 4395 673 4442 sancti
688 4411 744 4442 ossa
763 4401 826 4443 sunt
844 4396 898 4442 uiri
916 4402 1063 4443 transvecta
1082 4393 1136 4457 (ib,
1149 4411 1176 4460 p.
1191 4396 1239 4445 818
1253 4394 1294 4459 B).
1314 4395 1410 4461 Quant
1428 4412 1482 4447 aux
1501 4399 1645 4451 mentions

500 4479 737 4546 chronologiques
761 4485 807 4529 10⁰
830 4496 901 4529 anno
923 4488 952 4530 ct
974 4497 1058 4529 annos
1083 4494 1128 4545 75,
1152 4481 1222 4532 dont
1246 4481 1272 4531 la
1296 4483 1416 4534 seconde
1436 4491 1478 4533 est
1499 4483 1644 4537 d'ailleurs
1674 4501 1704 4552 35

501 4567 636 4626 inexacte,
657 4565 683 4616 la
704 4566 855 4632 Clerom'qraec
872 4566 912 4617 les
927 4583 941 4618 a
954 4568 1136 4633 empruntees
1147 4571 1162 4617 it
1175 4568 1264 4618 l'ecrit
1275 4569 1310 4619 de
1321 4569 1407 4620 Jonas
1424 4568 1478 4633 tin,
1493 4586 1539 4636 pp.
1554 4572 1602 4636 815
1618 4572 1644 4624 D

500 4651 589 4701 et818
604 4650 644 4713 E).

534 4745 546 4779 ⁴
564 4738 594 4787 82
598 4749 611 4800 5
625 4746 667 4787 est
680 4737 706 4788 la
718 4738 781 4788 date
796 4739 830 4789 de
844 4739 869 4789 la
884 4741 1048 4792 translation
1060 4742 1095 4792 de
1107 4743 1178 4792 saint
1194 4740 1307 4793 Hubert
1319 4745 1334 4792 a
1348 4743 1472 4811 Andage,
1486 4743 1644 4797 conforme·

502 4833 578 4873 ment
595 4838 629 4873 au
653 4823 678 4874 T
674 4823 804 4874 tanslatio
815 4829 930 4891 corporis
944 4827 973 4880 S.
989 4827 1020 4877 II
1022 4827 1106 4877 uberti
1117 4829 1153 4878 ad
1164 4832 1354 4879 ›nonastcrtum
1368 4831 1557 4895 ,indaginem
1567 4833 1643 4886 (aa.
