4450 6125
546 869 620 949 140
752 845 1063 927 Cantatorr'um
1092 849 1186 925 sire
1221 844 1471 925 Chronicon

406 1161 503 1221 llacr„
580 1147 637 1205 62.
664 1148 805 1199 Hannibal
831 1148 1060 1215 Carthaginensis
1083 1149 1156 1214 apud
1188 1163 1281 1213 regem
1309 1146 1484 1198 Antiochum
1501 1159 1516 1184 a
1546 1144 1682 1213 profugus

381 1227 527 1285 saturnal..
539 1231 706 1284 facetissime
719 1231 866 1282 cavillatus
878 1240 935 1290 est;
956 1232 1093 1297 ejusmodi
1113 1231 1256 1282 cavillatio
1272 1232 1312 1281 sic
1330 1238 1383 1281 est.
1400 1227 1570 1281 Ostentabat
1583 1228 1683 1280 Antio·

419 1295 454 1355 Π)
470 1309 493 1345 ²·
539 1322 609 1369 chus
622 1318 634 1356 b
648 1318 676 1368 in
689 1333 788 1384 campo
805 1319 932 1383 ingentes
947 1319 1050 1383 copias,
1070 1335 1139 1385 quas
1159 1318 1265 1370 bellum
1285 1316 1392 1385 populo
1409 1315 1541 1367 Romano
1558 1314 1683 1368 facturus

539 1415 759 1471 comparaverat.
784 1404 974 1456 Convertebat
998 1407 1154 1457 exercitum
1179 1406 1336 1474 insignibus
1362 1405 1503 1471 argenteis
1532 1412 1561 1455 et
1590 1406 1683 1456 aureis

540 1491 696 1550 llorentem,
717 1491 866 1542 inducebat
885 1506 984 1541 currus
999 1507 1063 1542 cum
1083 1491 1201 1545 falcibus
1219 1502 1247 1543 et
1265 1492 1432 1558 elephantos
1443 1505 1507 1542 cum
1521 1491 1651 1543 turribus
1661 1505 1681 1553 c,
1723 1492 1734 1542 5

540 1594 644 1645 equos
679 1593 750 1629 cum
788 1579 882 1628 miris
917 1577 1026 1629 irenis
1060 1588 1092 1629 et
1125 1581 1290 1646 ephipiis,
1324 1594 1395 1630 cum
1429 1578 1618 1630 monilibus
1652 1588 1684 1630 et

541 1664 705 1730 phaleris.
730 1664 798 1714 Rex
822 1672 917 1715 tanto
940 1666 1096 1716 exercitu
1119 1675 1253 1732 tamque
1275 1673 1398 1716 ornato
1420 1664 1532 1715 elatus
1556 1663 1686 1716 Hanni·

543 1750 594 1802 bal
616 1750 854 1815 compellans:
882 1750 1011 1810 Putasne,
1039 1752 1165 1818 inquit,
1184 1754 1249 1802 satis
1269 1768 1322 1802 esse
1342 1750 1474 1801 Ronmais
1502 1750 1550 1801 laec
1571 1751 1687 1802 omnia?

542 1837 634 1888 Tunc
672 1835 781 1886 Penus
820 1837 977 1888 alludens
1008 1838 1026 1876 d
1064 1838 1232 1904 ignaviam
1270 1837 1461 1889 imbellium
1490 1850 1503 1876 e
1535 1837 1686 1890 militum

543 1925 797 1991 preciumque!
826 1940 992 1975 armorum
1014 1933 1020 1959 ¹
1044 1940 1051 1975 τ
1075 1925 1176 1981 Plane.
1209 1926 1269 1977 ille
1300 1926 1429 1993 inquit,
1459 1926 1526 1975 satis
1558 1942 1613 1975 esse
1641 1927 1688 1977 hec
1718 1933 1745 1969 ¹0

541 2013 616 2061 credo
644 2010 785 2071 Romanis,
813 2020 837 2061 et
864 2014 889 2060 si
916 2018 980 2061 sunt
1006 2013 1170 2065 avarissimi.
1203 2013 1243 2064 Et
1274 2015 1334 2063 hoc
1365 2013 1451 2063 satis
1479 2028 1546 2064 non
1575 2013 1688 2065 solum

544 2099 671 2165 lepide,
691 2098 747 2149 sed
771 2108 804 2148 et
827 2099 947 2150 acerbe
971 2099 1115 2150 dictum.
1138 2098 1207 2150 Rex
1231 2099 1271 2150 de
1291 2114 1432 2150 numero
1455 2101 1633 2152 exercitus
1656 2110 1691 2151 et

544 2187 583 2236 de
606 2185 870 2251 equiparatione
894 2186 1081 2251 quesierat,
1107 2185 1168 2236 ille
1193 2186 1372 2251 respondit
1396 2185 1435 2236 de
1457 2186 1578 2251 preda.

450 2319 455 2340 ‚
492 2318 498 2328 ,
579 2271 755 2322 lnCesarem
775 2285 888 2336 quoque
908 2270 1074 2321 mordacitas
1093 2271 1239 2322 Ciceronis
1257 2273 1311 2321 hoc
1330 2271 1415 2321 modo
1437 2270 1537 2321 dentes
1560 2273 1692 2327 strinxit.
1766 2267 1770 2275 ’

545 2357 616 2408 Nam
631 2365 695 2423 post
708 2357 854 2407 victoriam
868 2356 978 2406 Cesaris
992 2357 1189 2424 interrogatus,
1200 2373 1251 2408 cur
1263 2358 1291 2407 in
1304 2357 1443 2408 electione
1456 2357 1543 2422 partis
1555 2368 1692 2420 errasset,
1726 2364 1754 2415 ¹5

544 2443 709 2510 respondit:
731 2443 909 2492 I'reeinctura
921 2444 979 2506 ejus
991 2458 1032 2492 rne
1049 2444 1155 2511 decepit,
1174 2444 1283 2510 j0catus
1302 2444 1330 2493 in
1349 2443 1491 2505 Cesarem,
1504 2445 1553 2510 qui
1567 2445 1608 2496 ita
1627 2454 1696 2515 toga

542 2528 767 2596 precingebatur,
782 2537 813 2578 ut
826 2528 964 2578 trahendo
981 2527 1108 2578 laciniam
1121 2542 1139 2576 a*
1156 2528 1313 2579 incedendo
1326 2528 1404 2579 velut
1424 2528 1519 2581 mullis
1532 2529 1695 2586 videretur.

545 2616 589 2667 De
609 2631 676 2681 quo
698 2614 792 2681 Sylla
811 2615 974 2679 providus
993 2614 1081 2664 dixit
1101 2614 1264 2681 Pompeio
1282 2615 1309 2676 ¹¹,
1337 2615 1521 2667 carendum
1545 2632 1561 2668 a
1581 2632 1698 2683 puero

546 2702 621 2752 illo,

580 2788 656 2839 Idem
681 2787 804 2838 Cicero?
821 2803 883 2838 cum
904 2788 977 2854 apud
999 2787 1199 2855 Damasippum
1218 2797 1340 2841 cenaret.
1354 2798 1382 2839 et
1401 2789 1449 2841 ille
1467 2789 1606 2842 mediocri
1624 2793 1699 2845 vino
1730 2794 1765 2833 ²0

546 2876 676 2942 apposito
695 2875 801 2926 diceret
820 2890 826 2925 ε
851 2874 937 2924 Bibite
954 2874 1103 2925 Falernum
1124 2875 1179 2938 hoe,
1198 2884 1235 2926 est
1252 2879 1325 2926 enim
1344 2893 1479 2927 annorum
1497 2879 1700 2946 quadraginta.

550 2964 630 3018 Bene,
647 2962 738 3028 inquit
751 2961 809 3022 ille,
822 2969 914 3011 etatem
927 2963 1018 3027 refert.

583 3049 660 3100 ldem
688 3065 751 3100 cum
778 3065 913 3117 generum
939 3066 1021 3101 suum
1046 3051 1149 3119 exigue
1180 3060 1286 3103 stature
1310 3053 1455 3103 hominem
1482 3052 1570 3121 longo
1596 3055 1701 3123 gladio

547 3137 703 3187 accinctum
724 3134 838 3186 vidisset
859 3152 864 3186 :
887 3136 962 3202 Quis,
983 3138 1084 3203 inquit,
1099 3155 1227 3203 generum
1247 3155 1334 3189 ruerem
1353 3137 1476 3206 alligavit
1491 3140 1527 3190 ad
1540 3140 1701 3206 gladium?

581 3223 644 3274 Sed
673 3238 781 3289 neque
812 3221 910 3274 fratri
940 3239 1001 3276 suo
1037 3226 1069 3275 in
1100 3226 1320 3278 mordacitate
1344 3228 1512 3294 pepercit.
1545 3227 1629 3281 Erat
1663 3241 1699 3283 et
1732 3234 1765 3286 ²5

549 3311 621 3375 ipse
650 3324 751 3374 parre
782 3316 927 3370 stature,
952 3310 1048 3376 cujus
1078 3312 1258 3379 imaginem
1283 3329 1355 3364 cum
1379 3313 1524 3365 vidisset
1554 3314 1701 3383 clypea-

549 3396 650 3446 tamt
678 3394 876 3462 ingentibus
908 3395 1132 3448 lineamentis
1159 3400 1174 3436 t·
1206 3414 1310 3466 usque
1341 3400 1379 3452 ad
1406 3409 1524 3466 pectus
1548 3416 1556 3451 t
1581 3400 1701 3467 Frater,

549 3482 649 3548 inquit,
669 3497 742 3531 meus
757 3482 886 3530 dimidius
904 3484 991 3545 nzajor
1007 3490 1044 3532 est
1061 3500 1141 3550 quam
1160 3492 1237 3537 tutus.

582 3578 614 3629 ln
638 3577 785 3629 consulatu
814 3592 928 3643 quoque
950 3568 1076 3630 Vatinii
1099 3570 1125 3641 ²,
1152 3594 1236 3644 quem
1261 3580 1356 3646 paucis
1378 3580 1479 3632 diebus
1501 3582 1600 3648 gessit,
1634 3586 1703 3637 hoc

549 3676 645 3727 modo
670 3674 747 3723 risit
767 3687 773 3722 :
794 3672 940 3738 Magnum,
958 3673 1060 3738 inquit,
1073 3681 1203 3724 ostentum
1222 3688 1244 3712 m
1260 3676 1357 3724 accidit
1372 3677 1400 3724 in
1416 3691 1489 3726 anno
1506 3674 1613 3727 Vatinii
1625 3691 1652 3735 ⁸,
1669 3682 1701 3732 in
1735 3685 1769 3736 30

548 3779 597 3828 qno
610 3779 655 3811 nec
670 3760 775 3815 bruma.
795 3776 841 3809 nec
854 3776 906 3815 aer.
923 3776 970 3808 nec
981 3767 1057 3815 estas.
1074 3777 1120 3809 nec
1131 3768 1281 3811 autumnus
1286 3760 1356 3825 suit.

549 3932 596 3981 elle
611 3935 731 3999 pronicnt
748 3933 778 3981 de
795 3949 822 3981 ce
839 3949 896 3998 (μισ,
915 3948 978 3981 sans
996 3932 1080 3992 dolete,
1099 3932 1164 3984 lec.
1184 3937 1218 3983 62
1236 3933 1300 3981 erait
1317 3931 1485 3998 simplement
1500 3946 1532 3981 en
1552 3939 1613 3982 note
1631 3934 1706 3986 dens

549 4019 688 4085 l’nriginnl
703 4019 732 4068 de
749 4018 775 4067 la
797 4018 956 4085 Chrnnique.
976 4017 1013 4081 Je
1029 4018 1135 4069 ri‘tndlis
1152 4020 1276 4068 ci-dessus
1296 4016 1392 4068 l'erdre
1411 4020 1472 4069 vrur'
1490 4018 1533 4068 des
1550 4017 1704 4082 etrapitres.

552 4134 583 4145 -
606 4124 632 4156 a.
657 4107 819 4157 anthiocum
845 4107 882 4156 Α.
902 4136 935 4144 -
958 4105 981 4155 l.
1006 4108 1155 4158 anthiocus
1173 4107 1209 4157 Α.
1233 4136 1265 4145 -
1287 4123 1310 4155 c.
1335 4106 1466 4158 curribus
1484 4106 1531 4163 A:
1544 4106 1576 4170 je
1591 4110 1705 4176 corrige

551 4195 654 4261 ‹t'aprls
672 4192 804 4244 illacrole.
815 4223 848 4231 —
864 4194 889 4245 d.
903 4177 1021 4244 aludens
1033 4193 1070 4245 Α.
1082 4223 1114 4231 -
1126 4212 1148 4244 e.
1162 4193 1390 4246 imbellianorum
1405 4192 1445 4260 (ἓ)
1458 4192 1483 4243 Α
1506 4193 1573 4259 -s.
1587 4195 1706 4260 precio-
1735 4205 1768 4257 35

552 4298 672 4351 rumque
690 4283 726 4332 A.
747 4310 778 4318 -
795 4298 822 4345 g.
842 4280 922 4330 Dans
938 4280 975 4335 el,
996 4280 1138 4331 lasciniam
1160 4298 1229 4331 corr.
1247 4286 1300 4349 par
1316 4287 1435 4343 exponet.
1453 4296 1485 4330 en
1503 4279 1651 4336 laciniam.
1668 4309 1706 4321 -

552 4370 579 4423 tr.
594 4369 717 4436 ponpeio
729 4369 765 4418 A.
780 4396 811 4405 —
830 4370 848 4418 i.
867 4382 969 4434 cycero
981 4367 1018 4419 el.
1030 4395 1063 4405 -
1075 4368 1101 4429 j.
1121 4366 1268 4432 clipeatam
1281 4367 1319 4419 A.
1333 4395 1365 4404 -
1382 4365 1407 4418 k.
1426 4365 1603 4417 liniamentis
1615 4368 1656 4421 A.
1670 4398 1708 4410 -

553 4456 571 4506 l.
593 4458 714 4507 vaticum
728 4456 751 4505 xl
761 4472 773 4511 ,¹
784 4457 814 4517 je
825 4457 926 4520 corrige
938 4454 1041 4520 d'apre's
1052 4452 1185 4504 illacrobe.
1199 4483 1231 4490 -
1250 4469 1287 4503 m.
1305 4461 1478 4504 ostentatum
1490 4451 1537 4510 A:
1548 4453 1580 4517 je
1595 4455 1708 4522 corrige

554 4542 655 4608 d'upris
666 4540 798 4593 dlacrobe.
813 4571 844 4578 —
864 4558 890 4589 n.
911 4541 1035 4591 vaticinii
1048 4541 1085 4593 Α.

591 4833 598 4860 ¹
614 4823 688 4876 Dans
707 4823 849 4884 Macrobe,
868 4841 905 4875 on
923 4824 955 4875 lit
974 4841 980 4875 ι
1005 4823 1030 4874 Τ
1028 4839 1081 4874 unc
1097 4824 1203 4874 Poenus
1222 4823 1329 4873 eludens
1352 4822 1488 4889 ignavrlrm
1509 4819 1705 4893 imbelliamque
1734 4839 1771 4888 40

556 4912 674 4964 militum
683 4912 741 4976 ejus
748 4913 860 4979 pretiose
870 4919 1049 4962 armatorum.
