4450 6125
881 886 1035 967 Sancti
1067 889 1280 970 Huberli.
1576 919 1654 1001 ¹29

512 1184 653 1245 cessoris
676 1184 729 1245 sui
750 1183 828 1244 licet
850 1192 1039 1264 utcumque
1053 1197 1236 1247 conaretur
1252 1186 1423 1268 prosequi,
1442 1188 1537 1248 nullo
1552 1189 1656 1249 modo
1705 1194 1776 1243 1086-

512 1294 628 1347 tamen
653 1284 825 1363 prevaluit
850 1285 994 1366 assequi,
1024 1296 1057 1347 ct
1083 1286 1196 1348 laxato
1224 1287 1392 1365 paulatim
1419 1287 1531 1366 rigore
1557 1289 1655 1350 disci-

514 1385 616 1464 pline,
633 1403 703 1466 quo
718 1384 773 1446 ille
791 1388 940 1446 maxime
957 1384 1066 1466 viguit
1080 1388 1122 1446 ad
1142 1385 1302 1466 gloriam,
1319 1386 1404 1447 dum
1420 1403 1454 1447 se
1471 1386 1549 1465 plus
1564 1386 1656 1464 justo

513 1486 708 1567 quibusque
728 1485 909 1547 inclinaret
924 1485 1021 1566 quasi
1037 1487 1078 1547 ad
1100 1487 1260 1566 gratiam,
1277 1485 1311 1547 in
1337 1487 1430 1547 brevi
1453 1486 1591 1548 devenit
1612 1489 1654 1547 ad

475 1608 487 1658 5
514 1596 752 1665 contemptum
781 1602 842 1663 per
870 1583 1138 1647 familiaritatem
1170 1587 1325 1647 nimiam.
1356 1586 1478 1647 Volens
1507 1586 1656 1667 denique

515 1686 621 1749 amari
634 1705 676 1748 ex
688 1685 922 1747 benevolentia
934 1698 960 1758 α,
974 1703 992 1746 a
1006 1685 1132 1766 quibus
1146 1685 1317 1746 debuisset
1334 1685 1447 1747 timeri
1461 1704 1501 1746 ex
1516 1687 1657 1748 honoris

514 1788 713 1860 reverentia,
731 1790 817 1850 dum
832 1789 1027 1868 quibusque
1046 1786 1280 1848 indifferenter
1294 1796 1327 1848 et
1342 1786 1533 1848 inconsulte
1552 1781 1656 1867 ipro·

515 1890 665 1952 mitteret
690 1890 869 1968 speranda,
895 1907 962 1969 que
987 1888 1141 1950 conferre
1166 1907 1232 1949 non
1256 1897 1405 1969 poterat,
1432 1888 1525 1966 ipsos
1550 1890 1655 1950 etiam

516 2000 644 2053 veteres
657 1991 785 2052 amicos
800 2007 880 2051 suos
895 1989 958 2051 sibi
974 1990 1082 2068 gratis
1096 1989 1312 2065 inimicabat;
1332 1989 1482 2051 maxima
1496 1989 1590 2050 enim
1605 1995 1657 2050 est

459 2122 489 2157 ro
514 2109 593 2171 pars
606 2090 772 2165 beneficii,
785 2091 813 2152 si
825 2092 890 2152 cito
903 2100 1048 2171 negatur
1062 2093 1154 2171 quod
1173 2107 1240 2152 non
1256 2091 1411 2151 dandum
1428 2089 1655 2168 promittitur,

514 2203 547 2254 et
562 2193 695 2254 amicus
710 2193 756 2253 ita
776 2192 877 2252 debet
898 2193 1028 2264 haberi,
1048 2202 1086 2253 ut
1102 2201 1244 2271 putetur
1260 2191 1419 2253 inimicus
1435 2209 1531 2271 posse
1547 2191 1620 2253 fieri
1634 2192 1655 2254 ¹.

516 2293 612 2355 Unde
625 2311 705 2354 cum
720 2293 811 2353 inter
826 2311 908 2354 eum
923 2300 957 2353 et
972 2292 1035 2353 sibi
1048 2294 1250 2354 commissos
1263 2293 1484 2354 suscitaretur
1496 2293 1656 2373 frequens

514 2395 689 2467 dissensio,
707 2395 747 2455 ad
770 2395 834 2454 hoc
855 2412 962 2474 usque
979 2393 1138 2473 prorupit
1160 2411 1280 2454 eorum
1304 2403 1426 2455 mutua
1449 2392 1652 2474 indignatio

516 2507 553 2557 ut
568 2497 701 2574 privato
715 2495 931 2574 germinante
947 2494 1037 2555 inter
1053 2511 1109 2555 eos
1124 2493 1203 2554 odio
1218 2504 1445 2555 succresceret
1461 2505 1472 2532 ⁶
1494 2495 1529 2554 in
1546 2504 1656 2572 poste-

457 2623 487 2673 ¹5
516 2615 594 2659 rum
619 2596 756 2676 publica
782 2596 891 2674 ipsius
916 2594 1051 2656 ecclesie
1078 2594 1230 2656 maxima
1256 2593 1418 2656 confusio.
1444 2596 1510 2657 Sed
1535 2597 1576 2657 de
1602 2597 1656 2658 his

515 2697 651 2758 interim
666 2697 970 2757 intermittendum
986 2696 1011 2757 d.

552 2864 608 2921 55.
627 2858 704 2939 (dp.)
729 2859 916 2938 Episcopus
937 2870 1052 2919 autem
1075 2857 1163 2919 circa
1184 2858 1297 2919 locum
1318 2877 1358 2919 ex
1378 2859 1484 2920 veteri
1505 2859 1560 2937 pia
1576 2846 1654 2920 cou'·

513 2958 692 3020 suetudine
707 2957 883 3032 sollicitus,
899 2975 979 3019 cum
995 2958 1132 3018 audiret
1145 2975 1162 3017 a
1176 2957 1396 3037 quibusdam,
1411 2977 1478 3038 que
1490 2958 1655 3039 gereban-

515 3067 570 3119 tur
591 3058 681 3120 inter
705 3059 865 3121 abbatem
891 3068 924 3121 et
945 3057 1078 3132 fratres,
1103 3068 1136 3122 et
1159 3059 1275 3121 audita
1299 3059 1521 3123 dissimulans
1546 3079 1653 3129 nosse,

453 3182 490 3217 ιο
515 3160 632 3221 eadem
654 3172 807 3240 speraret
830 3161 1031 3241 corrigenda
1054 3162 1107 3222 vel
1131 3170 1284 3238 tempore
1306 3162 1359 3222 vel
1385 3161 1526 3236 ratione,
1550 3162 1654 3243 idque

514 3260 654 3323 minime
679 3261 886 3340 proveniret,
915 3262 1115 3342 indignatus
1140 3262 1278 3323 sibimet
1304 3281 1408 3342 super
1433 3263 1491 3325 tali
1517 3264 1654 3325 ordina·

513 3361 601 3421 tione
616 3379 696 3422 cum
713 3379 844 3422 merore
862 3362 958 3442 gravi
977 3383 983 3422 :
1007 3362 1099 3436 Ecce,
1117 3361 1242 3442 inquit,
1258 3364 1346 3441 quod
1365 3363 1500 3423 verebar
1518 3364 1654 3438 accidit;

513 3478 576 3521 ecce
589 3480 688 3540 quam
705 3460 823 3537 infelix
841 3463 947 3523 exitus
962 3482 1004 3522 ex
1020 3469 1086 3523 lam
1103 3464 1176 3524 letis
1192 3464 1319 3525 initiis!
1335 3464 1402 3526 Nec
1421 3475 1536 3527 tamen
1552 3467 1655 3527 absti-

514 3558 564 3635 tit,
581 3560 666 3640 quin
682 3561 796 3640 sepius
811 3562 926 3622 locum
943 3561 1114 3634 reviseret,
1133 3561 1253 3624 fratres
1268 3562 1464 3643 corrigeret,
1484 3582 1536 3625 res
1551 3565 1654 3626 ecclc-

453 3687 486 3737 ²5
515 3659 560 3720 sie
585 3678 627 3721 ne
652 3660 894 3722 minuerentur
920 3661 1084 3722 attentius
1108 3670 1256 3734 curaret,
1279 3663 1439 3723 abbatem
1465 3663 1501 3724 in
1527 3664 1654 3744 quibus

515 3778 593 3823 eum
613 3762 892 3840 deprehendebat
914 3763 1029 3823 minus
1051 3761 1206 3824 sufficere
1226 3781 1288 3824 suo
1307 3762 1449 3824 consilio
1471 3773 1504 3824 et
1525 3764 1654 3825 auxilio

514 3871 727 3924 sustentaret.
754 3862 862 3940 Cujus
883 3863 940 3924 ille
963 3851 1071 3924 'vivaci
1095 3862 1277 3925 sedulitate
1300 3863 1444 3925 refectus
1467 3882 1487 3926 a
1509 3882 1572 3927 suo
1597 3865 1655 3926 illo

514 3980 581 4042 quo
594 3964 803 4043 gravabatur
818 3964 909 4044 apud
929 3981 963 4024 se
978 3962 1124 4037 defectu,
1142 3964 1232 4043 cepit
1253 3965 1465 4026 constantior
1485 3966 1604 4027 haberi
1619 3966 1656 4027 in

516 4062 567 4123 his
587 4082 654 4143 que
676 4065 828 4126 curanda
849 4074 1056 4144 susceperat,
1078 4073 1112 4127 et
1133 4084 1199 4146 que
1223 4066 1318 4145 prius
1338 4076 1376 4127 ut
1396 4066 1572 4145 inexperta
1591 4069 1656 4129 sub

456 4193 490 4242 30
516 4165 662 4243 quadam
684 4165 884 4228 lassitudine
907 4165 1118 4239 fastidiebat3
1142 4167 1232 4228 unde
1253 4185 1291 4228 ea
1313 4186 1379 4248 que
1399 4175 1497 4229 erant
1518 4167 1657 4230 ecclesie

518 4282 582 4326 non
596 4267 709 4328 solum
724 4280 736 4306 θ
755 4268 909 4340 retinuit,
927 4269 982 4329 sed
1001 4278 1033 4329 et
1048 4268 1199 4348 quedam
1217 4287 1278 4329 sua
1293 4267 1464 4329 industria
1479 4268 1656 4349 acquirere

518 4367 658 4428 studuit.

549 4521 572 4554 a.
597 4506 787 4558 benivolentia
805 4508 842 4558 A.
856 4536 889 4545 -
912 4506 934 4557 l.
960 4509 1040 4558 Dans
1056 4509 1093 4570 A,
1114 4512 1191 4572 apris
1210 4509 1378 4571 inconsulte,
1399 4509 1422 4559 le
1439 4509 1521 4560 scribe
1539 4528 1556 4560 a
1573 4513 1658 4578 ripere

519 4588 591 4644 dum.
609 4620 642 4629 -
665 4608 688 4642 c.
707 4603 909 4645 succressceret
926 4595 963 4646 A.
981 4623 1013 4632 -
1036 4595 1060 4643 d.
1086 4595 1319 4647 intermitendum
1337 4596 1373 4646 Α.
1391 4625 1424 4634 -
1447 4612 1469 4647 e.
1488 4611 1546 4648 uon
1563 4597 1655 4649 solum

455 4687 488 4738 35
520 4678 622 4731 nonA.

553 4875 560 4901 ¹
579 4867 633 4918 Ces
646 4870 780 4921 maximas
792 4878 857 4922 sont
874 4871 1055 4938 empruntees
1067 4874 1083 4923 a
1095 4871 1218 4923 l'extrait
1229 4873 1265 4923 de
1277 4872 1434 4935 iliacuoua,
1449 4874 1603 4937 Saturnus,
1618 4876 1654 4937 ll,

519 4968 543 5019 7,
558 4956 703 5023 reproduit
715 4974 764 5024 par
776 4957 802 5009 la
818 4958 977 5027 Chroniquc,
993 4960 1157 5022 cidessous,
1172 4976 1219 5026 pp.
1236 4975 1280 5022 14²
1294 4970 1322 5011 et
1335 4962 1407 5014 suiv.

1511 5034 1533 5090 9
