4450 6125
900 871 1054 953 Sancti
1083 867 1292 952 Haterii.
1597 900 1679 981 2¹9

537 1164 663 1246 querit,
702 1167 872 1245 perlatum
907 1176 958 1229 est
993 1185 1118 1246 eorpus
1152 1166 1260 1227 sancti
1294 1166 1336 1227 ad
1373 1165 1549 1227 ecclesiam
1588 1166 1678 1228 beati
1770 1216 1773 1220 .

540 1264 713 1329 Michaelis
740 1268 949 1349 archangeli,
979 1268 1177 1348 ibidemque
1209 1265 1437 1348 advigilatum
1467 1284 1486 1326 a
1514 1264 1679 1328 fratribus

539 1365 735 1429 recollectis.
761 1368 795 1428 ln
816 1369 1008 1430 crastinum
1023 1369 1225 1447 disponebat
1240 1366 1325 1428 illud
1343 1365 1508 1427 violenter
1523 1364 1678 1428 auferen-

539 1466 625 1528 dum
650 1467 824 1544 Otbertus‚
851 1470 908 1531 sed
936 1487 1015 1531 cum
1044 1469 1080 1531 in
1110 1468 1170 1530 tali
1200 1467 1457 1547 presumptione
1483 1485 1585 1528 nemo
1613 1467 1677 1529 sibi

495 1585 510 1640 s
538 1568 718 1631 assentiret
732 1588 887 1645 suorum,
906 1572 973 1649 jam
989 1571 1134 1632 sanioris
1154 1568 1261 1632 animi
1284 1584 1462 1630 resumens
1481 1567 1675 1644 consilium,

539 1682 619 1727 cum
635 1669 826 1730 reverentia
840 1677 874 1731 et
889 1672 1019 1731 honore
1033 1669 1075 1730 ad
1093 1686 1196 1731 suum
1213 1668 1331 1730 retulit
1347 1669 1471 1731 locum.
1501 1677 1531 1741 <
1547 1668 1676 1744 Cujus¹

538 1767 666 1828 evectio
691 1785 771 1830 cum
797 1769 941 1830 maximi
966 1769 1085 1831 fuisset
1111 1767 1283 1849 ponderis,
1306 1768 1453 1830 revectio
1476 1785 1558 1830 vero
1579 1767 1678 1829 levis-

538 1867 628 1944 simi,
666 1870 824 1947 probavit
858 1871 1016 1933 eamdem
1051 1870 1261 1932 evectionem
1295 1869 1360 1930 sibi
1395 1869 1608 1948 displicuisse
1643 1878 1677 1930 et

539 1969 769 2031 revectionem
794 1971 971 2050 placuisse.
1001 1971 1156 2033 Positum
1182 1980 1298 2033 autem
1325 1988 1428 2050 super
1454 1970 1562 2031 altare
1589 1969 1675 2031 beati

481 2092 511 2129 ιο
541 2068 644 2144 Petri,
667 2078 700 2132 et
722 2088 782 2150 per
802 2081 880 2133 octo
901 2071 973 2133 dies
994 2072 1090 2133 nullo
1105 2072 1209 2133 modo
1223 2071 1338 2151 potuit
1352 2072 1451 2132 tocoa
1465 2088 1528 2132 suo
1544 2071 1674 2150 reponi,

539 2168 636 2248 quasi
667 2170 843 2251 quandam
874 2169 1140 2233 satisfactionem
1169 2170 1318 2253 exigeret
1346 2172 1451 2250 hujus
1477 2188 1537 2232 sue
1566 2188 1678 2232 remo-

539 2269 652 2333 tionis.
667 2271 735 2331 Nec
751 2272 862 2333 multo
876 2280 964 2351 post,
977 2291 1016 2333 ea
1031 2273 1105 2352 ipsa
1120 2273 1174 2334 die
1189 2273 1424 2335 anniversaria
1434 2272 1458 2349 ⁶,
1473 2284 1565 2355 qua⁶
1581 2275 1678 2335 beato

541 2370 693 2433 Huberto
720 2372 911 2452 predictam
940 2371 1015 2435 fecit
1041 2374 1218 2452 injuriam,
1246 2375 1411 2437 Otbertus
1437 2384 1558 2455 captus
1582 2386 1678 2437 esta

539 2472 661 2533 comite
678 2472 834 2547 Henrico‚
850 2482 884 2533 et
899 2474 1089 2535 Durboium
1112 2492 1219 2555 usque
1241 2475 1410 2536 deductus
1430 2474 1571 2536 incitato
1589 2492 1678 2555 equo

479 2593 506 2644 15
537 2582 571 2633 et
591 2572 673 2634 satis
695 2573 808 2647 feroci,
832 2573 1016 2635 durissime
1038 2585 1071 2636 et
1091 2574 1271 2636 inhoneste
1290 2574 1427 2636 collisus
1448 2576 1502 2635 vix
1530 2585 1678 2636 mortem

538 2674 643 2737 evasit
666 2675 688 2748 ²,
719 2676 776 2736 sed
806 2687 840 2735 et
870 2675 1038 2755 quamdiu
1068 2693 1109 2736 ex
1142 2686 1223 2737 tunc
1255 2675 1424 2755 superfuit
1445 2667 1468 2750 ³,
1499 2692 1675 2757 nonquam

536 2775 800 2839 adversitatibus
815 2785 848 2839 et
864 2777 1080 2839 dedecorosis
1097 2779 1377 2858 oppressionibus
1390 2779 1512 2841 caruit.
1532 2784 1561 2851 >

567 3013 593 3049 a.
612 2995 691 3047 locco
703 2995 740 3047 A.
752 2996 826 3048 -i,
845 2997 940 3065 consus
952 2998 1019 3048 dans
1031 2999 1067 3050 A.
1081 3027 1114 3036 -
1126 3015 1149 3049 c.
1163 3013 1220 3067 quo
1232 2999 1269 3051 A.

568 3351 645 3402 ¹J'ai
668 3352 827 3417 demontre,
851 3355 920 3406 dans
944 3372 1010 3407 mon
1034 3342 1122 3406 E'tude
1141 3359 1263 3424 critique,
1287 3373 1335 3424 pp.
1362 3358 1393 3421 36
1413 3367 1441 3407 et
1461 3358 1545 3419 suiv„
1567 3373 1622 3423 que
1645 3356 1673 3407 le

475 3454 508 3491 ιο
533 3455 645 3508 passage
661 3441 796 3493 cidessus
813 3457 820 3493 :
836 3444 915 3507 cujus
930 3446 1024 3493 evectio
1038 3474 1071 3482 -
1083 3473 1115 3482 -
1128 3473 1160 3481 -
1178 3444 1386 3510 oppressionibus
1403 3445 1502 3500 caruit,
1523 3443 1616 3511 lequel
1636 3459 1672 3494 ne

532 3527 609 3579 vient
630 3544 678 3595 pas
698 3533 714 3579 3
734 3545 763 3580 sa
784 3530 862 3596 place
881 3530 950 3581 dans
970 3530 996 3581 la
1019 3532 1100 3597 copie
1123 3530 1249 3593 d'Orval,
1274 3541 1316 3582 est
1337 3547 1392 3583 une
1413 3530 1628 3596 interpolation3
1652 3530 1671 3581 il

532 3615 704 3676 constituait,
728 3616 797 3666 dans
820 3616 959 3683 l'original
978 3618 1068 3682 perdu
1091 3617 1126 3667 de
1150 3617 1176 3668 la
1200 3616 1360 3685 chronique,
1387 3633 1443 3668 une
1467 3624 1534 3669 note
1557 3618 1612 3669 soit
1635 3633 1671 3668 en

534 3714 636 3767 merge,
650 3702 705 3752 soit
717 3717 752 3752 au
765 3702 813 3753 bas
825 3702 860 3753 de
872 3702 898 3753 la
911 3718 989 3771 page,
1004 3712 1071 3754 note
1083 3704 1195 3770 aj0utee
1207 3719 1258 3769 par
1270 3703 1393 3770 quelque
1406 3703 1523 3754 lecteur.

566 3794 575 3820 ²
593 3786 640 3839 On
659 3788 701 3849 lit,
720 3788 790 3840 dans
807 3788 848 3840 les
867 3789 989 3840 Annales
1008 3790 1150 3847 Rodenses,
1173 3790 1289 3846 MGH„
1314 3789 1377 3846 SS„
1400 3799 1421 3841 t.
1443 3790 1519 3852 XVI,
1542 3806 1569 3856 p.
1591 3789 1640 3854 694
1662 3807 1669 3841 :

475 3885 489 3923 8
492 3884 505 3936 5
537 3872 660 3925 Obberlus
672 3877 720 3925 istc
729 3884 880 3926 contractus
883 3877 945 3942 fuit
955 3893 1070 3941 corpore,
1085 3885 1110 3928 ct
1119 3877 1228 3944 cophini
1237 3876 1406 3928 baiulabatur
1416 3876 1586 3927 subvectione.

565 3960 634 4011 ³Ce
657 3976 771 4029 passage
794 3962 931 4029 impiique
954 3963 1146 4015 evidemment
1169 3964 1251 4031 qu'au
1277 3973 1403 4016 moment
1426 3966 1462 4015 0i1
1487 3962 1507 4013 il
1528 3962 1571 4014 sut
1590 3954 1674 4025 ecritj

531 4044 634 4097 Otbert
651 4048 726 4098 avait
744 4048 821 4099 cesse
836 4048 871 4099 de
889 4049 981 4111 vivre·
999 4065 1031 4101 or
1049 4050 1067 4100 il
1085 4065 1121 4100 ne
1139 4059 1253 4101 mourut
1269 4050 1353 4117 qu'en
1371 4065 1444 4115 1119,
1462 4049 1489 4100 le
1506 4062 1534 4112 31
1551 4049 1670 4115 janvier,

531 4132 601 4183 ainsi
620 4148 675 4199 que
692 4134 727 4184 l'a
745 4134 894 4186 demontre
915 4134 1048 4197 Hennes,
1069 4135 1184 4192 MGH„
1207 4136 1270 4191 SS„
1292 4145 1313 4188 t.
1333 4136 1422 4196 XXV,
1439 4152 1466 4202 p.
1485 4151 1527 4201 94,
1547 4151 1574 4185 n.
1593 4150 1618 4195 4.
1637 4134 1671 4184 Je

533 4224 606 4274 crois
623 4225 779 4290 cependant
795 4226 875 4276 avoir
891 4226 1010 4291 pruove,
1028 4226 1096 4276 dans
1115 4242 1181 4276 mon
1201 4211 1288 4275 Etudc
1303 4228 1424 4292 critique,
1441 4241 1487 4292 pp.
1503 4239 1533 4287 34
1545 4233 1572 4274 et
1586 4224 1669 4284 suiv„

473 4327 506 4376 30
533 4324 588 4375 que
609 4329 623 4356 1
642 4310 669 4361 le
690 4311 877 4362 Cantatorium
896 4328 910 4362 a
929 4312 974 4363 ete
992 4311 1207 4378 probablement
1228 4311 1349 4362 termine
1369 4312 1438 4362 dans
1456 4310 1483 4361 le
1501 4318 1618 4361 conrant
1636 4309 1672 4359 de

532 4393 642 4446 l'annee
668 4397 731 4448 1106
753 4414 790 4450 0u
814 4414 868 4464 peu
892 4401 973 4464 apres
994 4417 1017 4447 11.
1049 4397 1319 4463 Consequemment,
1343 4404 1372 4447 et
1395 4400 1411 4446 a
1435 4397 1527 4447 raison
1550 4395 1672 4446 d’autres

532 4480 648 4544 indices,
664 4482 710 4548 J'ai
726 4483 888 4550 conjecture
904 4499 959 4550 que
975 4484 1002 4535 le
1018 4499 1133 4552 passage
1149 4483 1283 4534 ci·dessus
1299 4483 1367 4534 etait
1385 4498 1441 4533 une
1459 4481 1671 4547 interpolation.

531 4559 549 4620 J
551 4551 705 4636 e'rappelle
716 4585 772 4638 que
787 4587 830 4622 ma
842 4571 1007 4623 conclusion
1019 4586 1067 4622 sur
1079 4571 1106 4621 le
1119 4572 1250 4620 terminus
1260 4571 1296 4620 ad
1307 4586 1383 4637 quem
1395 4570 1431 4621 de
1442 4569 1468 4619 la
1481 4568 1626 4620 redaction
1637 4568 1672 4620 de

532 4655 560 4707 la
578 4654 730 4724 Chroniquc
744 4657 850 4709 resulte
864 4658 931 4709 d'uu
946 4657 1091 4709 ensemble
1107 4657 1299 4724 d’arguments
1316 4655 1436 4725 negatils
1453 4673 1459 4708 :
1480 4667 1505 4707 1ο
1520 4655 1673 4724 Berenger,

468 4762 503 4813 35
533 4741 655 4794 maintes
672 4741 724 4794 lois
739 4743 804 4805 cite,
822 4743 884 4795 l'est
899 4743 1029 4811 toujours
1045 4744 1115 4794 dans
1130 4743 1179 4794 des
1196 4754 1299 4794 termes
1314 4743 1363 4809 qui
1380 4742 1529 4809 indiquent
1547 4741 1615 4809 qu¹il
1631 4750 1673 4793 est
1709 4813 1711 4818 ,

517 4829 570 4881 “en
588 4828 635 4880 vie
641 4844 648 4889 ;
667 4844 700 4880 or
718 4829 738 4880 il
758 4839 871 4881 mourut
889 4846 925 4881 en
946 4844 1017 4894 1113,
1038 4845 1103 4897 voy.
1127 4829 1217 4881 Gallia
1237 4828 1404 4885 Chrisobora,
1425 4837 1446 4879 t.
1467 4828 1518 4890 111,
1540 4828 1595 4880 col.
1614 4842 1673 4894 990.

532 4926 562 4967 2⁰
579 4914 712 4968 Frederic
728 4926 771 4968 est
787 4917 842 4969 cite
854 4933 964 4969 comme
976 4917 1078 4984 prevdt
1089 4917 1125 4968 de
1137 4916 1373 4978 Saint-Lambert,
1386 4931 1450 4967 sans
1462 4917 1590 4967 mention
1601 4915 1637 4966 de
1648 4915 1675 4965 la
