4450 6125
850 918 1003 999 Sancti
1036 915 1247 998 Habenti.
1536 918 1613 998 225

485 1099 1617 1111 —-——-----—-—-————-————————-———.

480 1219 639 1297 posuistis
657 1237 758 1298 super
776 1237 843 1289 cor,
861 1223 898 1279 ut
911 1218 1057 1298 gloriam
1077 1216 1207 1278 nomini
1221 1235 1291 1278 meo
1304 1217 1386 1279 detis
1398 1217 1419 1277 ¹.
1438 1219 1619 1299 Acceperat

483 1325 565 1379 tunc
580 1319 746 1397 temporis
760 1318 903 1400 quidam
923 1318 1140 1381 monachus·
1160 1317 1250 1381 beati
1267 1318 1441 1381 Laurentii
1459 1318 1617 1381 Lamber-

482 1427 538 1480 tua
562 1418 604 1481 de
630 1436 735 1481 manu
758 1419 891 1481 Otberti
920 1419 1093 1481 abbatiam
1118 1418 1364 1493 florinensem,
1386 1420 1459 1502 qui.
1488 1430 1524 1483 ut
1550 1420 1618 1497 jam

484 1518 616 1582 dictum
646 1530 697 1582 est
713 1520 734 1594 ²,
766 1536 834 1581 non
865 1518 929 1582 nisi
957 1537 1037 1581 cum
1068 1530 1170 1600 sputo
1204 1520 1352 1582 nominis
1383 1521 1456 1598 ejus
1489 1531 1621 1602 poterat

443 1639 455 1689 s
484 1619 691 1694 meminisse,
714 1619 882 1702 quamdiu
905 1638 985 1682 cum
1009 1621 1199 1701 Berengero
1222 1622 1422 1684 morabatur
1443 1623 1533 1700 apud
1557 1622 1621 1683 cel·

483 1720 553 1783 iam
576 1722 819 1783 Ebernensem.
845 1720 955 1800 Hujus
976 1738 1056 1784 cum
1080 1721 1219 1784 Wiredo
1240 1723 1471 1785 consecrando
1496 1722 1621 1784 consti·

483 1829 556 1883 tuta
586 1830 660 1883 erat
687 1823 908 1895 consecratio
938 1839 1045 1903 quam
1073 1833 1155 1885 tunc
1183 1823 1325 1904 quidem
1352 1824 1463 1905 gratia
1491 1822 1620 1885 Wiredi

484 1922 698 2005 Berengerus
717 1920 1137 1995 differendam‘obtinuit,
1162 1924 1268 1987 donec
1284 1924 1481 2006 Stephanus
1503 1923 1619 1987 Sancti

483 2022 597 2104 jacobi
626 2015 756 2087 abbas³
785 2024 972 2104 premissus
1001 2027 1043 2087 ad
1072 2027 1249 2089 ecclesiam
1282 2028 1370 2089 beati
1405 2027 1547 2089 Huberti
1580 2044 1620 2088 er

429 2146 458 2182 ιο
483 2125 684 2188 auctoritate
710 2125 895 2204 pontificali
920 2126 1119 2190 hortaretur
1137 2125 1258 2190 iratres
1279 2128 1470 2190 consentire
1491 2126 1620 2208 agende

485 2226 720 2290 benedictioni.
757 2226 813 2287 lile
841 2227 1038 2301 adveniens,
1068 2246 1149 2290 cum
1181 2229 1316 2291 nulium
1345 2227 1533 2311 questionis
1561 2244 1620 2289 sue

482 2327 651 2409 optineret
665 2326 835 2401 effectum,
855 2327 942 2389 inter
957 2329 1129 2409 agendum
1146 2330 1331 2409 requisitus
1346 2341 1395 2393 est
1411 2348 1429 2391 a
1445 2327 1618 2399 iratribus,

486 2438 523 2492 ut
545 2428 734 2491 secundnm
756 2428 882 2490 suimet
905 2428 1116 2492 intellectum
1138 2448 1244 2509 super
1267 2432 1420 2508 ejusdem
1447 2431 1494 2492 rei
1521 2447 1622 2510 nego-

486 2530 575 2592 tium
605 2530 761 2591 redderet
788 2530 837 2591 eis
866 2529 1014 2592 liberum
1040 2530 1191 2593 veritatis
1216 2542 1248 2593 ct
1274 2531 1404 2609 iusticie
1430 2530 1621 2593 consilium.

432 2651 458 2700 ις
489 2631 632 2693 Miratus
657 2631 760 2692 abbas
784 2631 831 2692 sic
856 2649 890 2692 se
914 2632 1126 2705 conclusum,
1152 2649 1232 2694 cum
1260 2633 1356 2714 quasi
1382 2634 1517 2694 obtorto
1541 2632 1626 2693 collo

488 2740 666 2813 cogeretur
689 2732 802 2793 dicere
824 2733 915 2812 quod
939 2732 1074 2794 nolebat
1091 2734 1241 2795 veritatis
1263 2744 1296 2796 et
1319 2733 1450 2811 justicie
1475 2733 1626 2795 testimo·

490 2833 597 2905 nium,
621 2834 798 2913 respondit
820 2851 853 2895 se
878 2850 945 2894 non
967 2835 1098 2896 venisse
1122 2845 1158 2897 ut
1180 2833 1325 2896 deterret
1346 2835 1394 2896 eis
1417 2833 1568 2897 veritatis
1594 2844 1626 2895 et

489 2937 619 3010 iusticie
641 2936 878 2997 testimonium
895 2948 917 3009 ⁶,
944 2938 1001 2997 sed
1027 2948 1064 2999 ut
1087 2936 1274 2998 voluntatis
1295 2953 1415 2998 eorum
1437 2935 1567 3016 eisqui
1593 2952 1627 2995 se

492 3036 652 3100 miserant
677 3034 814 3100 referret
835 3055 1024 3101 assensum.
1043 3037 1165 3119 Sicque
1182 3039 1314 3101 inactus
1330 3037 1430 3100 rediit
1447 3036 1625 3099 Leodium.

430 3166 462 3200 εἰ
491 3138 660 3211 Wiredus,
700 3139 777 3201 licet
812 3138 978 3201 sollicitus
1014 3138 1161 3200 fraterne
1196 3140 1484 3209 contradictionis,
1520 3137 1629 3217 magis

492 3250 607 3302 autem
646 3241 801 3303 curiosus
839 3241 1162 3322 quomodocumque
1203 3240 1377 3300 retinende
1418 3237 1626 3317 prelationis,

495 3341 666 3403 Lamberti
691 3341 833 3421 predicti
855 3340 1098 3403 consecrationi
1122 3341 1253 3421 agende
1277 3340 1367 3401 ultro
1384 3359 1418 3400 se
1432 3355 1629 3400 consecran-

495 3444 559 3506 dus
588 3445 739 3525 ingessit.
773 3445 978 3508 Lambertus
1008 3461 1075 3504 non
1104 3443 1214 3504 multo
1240 3454 1315 3522 post
1342 3443 1567 3522 redarguente
1596 3457 1629 3498 se

494 3545 695 3608 conscientia
711 3546 884 3608 abbatiam
900 3544 1131 3607 Florinensem
1147 3553 1268 3624 sponte
1280 3543 1441 3604 deseruit.
1459 3541 1629 3607 wiredus.

435 3670 466 3719 ις
496 3658 674 3727 assumpto
698 3665 814 3710 secum
841 3647 967 3709 iterum
995 3645 1019 3708 F
1023 3646 1173 3706 rederico
1200 3645 1381 3724 preposito,
1413 3642 1632 3723 andaginum

498 3748 599 3819 venit,
617 3747 879 3829 diutissimeque
901 3758 1034 3826 sperata
1057 3748 1113 3808 sed
1140 3756 1260 3825 negata
1282 3744 1504 3824 processione,
1529 3742 1631 3803 eccle·

528 3942 554 3977 a.
569 3929 748 3978 monacusA.
762 3955 794 3964 -
806 3925 829 3978 b.
842 3924 992 3977 diffendam
1008 3928 1043 3977 A.
1063 3955 1093 3962 -
1112 3942 1134 3975 c.
1155 3925 1233 3974 Dans
1251 3925 1288 3977 Α,
1309 3924 1445 3972 ‹tu-iessus
1462 3923 1492 3970 de
1510 3925 1632 3972 testimo

497 4014 574 4063 nium
586 4030 619 4063 on
632 4013 664 4062 lit
676 4013 720 4065 vel
733 4013 892 4065 consilium.

535 4312 541 4337 ¹
562 4303 732 4363 bitinacius,
754 4320 777 4354 c.
802 4318 838 4363 rr,
863 4320 888 4352 v.
908 4317 920 4353 ι
941 4319 946 4353 :
969 4301 999 4351 Si
1017 4302 1154 4351 nolueritis
1174 4302 1276 4352 audire.
1300 4311 1324 4349 et
1344 4318 1365 4348 se
1387 4300 1524 4349 nolueritis
1541 4307 1636 4366 penne

445 4417 472 4454 μ,
503 4407 578 4456 saper
592 4408 636 4439 cor
649 4401 678 4440 ret
690 4392 754 4439 dctis
767 4391 881 4455 glorium
898 4391 1002 4438 nornim'
1016 4405 1079 4442 enen,
1095 4391 1134 4436 nit
1147 4387 1281 4437 Doeninus
1295 4390 1470 4439 esereitaum,
1487 4394 1591 4434 »nattum
1608 4389 1636 4434 in

503 4495 543 4526 ins
559 4487 705 4544 egestatem,
720 4487 744 4526 ct
760 4477 916 4526 rernledicnm
933 4474 1149 4525 benedictionibus
1168 4479 1268 4528 restris,
1283 4485 1307 4524 et
1323 4474 1479 4524 encleticum
1496 4473 1560 4525 illis,
1580 4489 1638 4538 pret>

504 4567 575 4614 niam
588 4582 638 4614 non
646 4567 775 4632 posuistis
787 4581 864 4630 sreprr
876 4581 929 4615 cor.

536 4659 544 4684 ¹
563 4651 715 4709 Odessus.
731 4667 776 4717 pp.
795 4651 839 4711 ads
853 4661 879 4701 et
893 4653 965 4701 suiv.

536 4744 545 4781 3
566 4719 696 4799 iitienne,
707 4738 855 4788 deuxieme
867 4737 938 4787 abbe
950 4737 985 4787 de
998 4753 1029 4787 ce
1043 4753 1119 4792 nuru.
1130 4736 1230 4804 appele'
1239 4751 1341 4787 encore
1355 4735 1512 4801 stepelinus,
1525 4733 1641 4784 succede

444 4848 472 4893 ις
505 4830 519 4875 'a
542 4823 659 4886 Rubert,
682 4837 756 4877 mort
777 4842 811 4876 en
837 4840 911 4890 1095;
935 4825 954 4874 il
974 4826 1137 4875 introduisit
1158 4830 1172 4874 u
1192 4823 1401 4891 Satur-Jacques
1418 4835 1445 4873 ct
1463 4823 1610 4874 matribus
1628 4824 1643 4868 ἐι

506 4912 664 4964 introduire
676 4916 691 4963 a
705 4911 893 4964 Saint-Trund
907 4912 932 4963 la
945 4912 1021 4980 segle
1032 4912 1068 4963 de
1080 4910 1188 4977 Ciuny:
1209 4912 1228 4961 il
1242 4922 1356 4962 mourut
1370 4910 1395 4962 ie
1409 4924 1438 4969 rc
1449 4912 1557 4976 janvrer
1573 4921 1644 4957 ιιιι.

510 4997 599 5048 Gallia
615 4998 782 5054 Christiano,
799 5011 818 5051 t.
833 4999 883 5059 ΙΙΙ,
897 5000 951 5051 coi.
965 5000 1015 5063 980
1026 5010 1052 5049 et
1067 5001 1138 5048 suiv.
1478 5067 1525 5124 a
