4450 6125
614 891 665 972 52
827 896 1140 980 Cantatorr’um
1170 903 1264 980 sive
1299 896 1551 977 Chronicon

612 1200 646 1252 et
668 1191 894 1271 cupiditatem
915 1193 1076 1256 effrenata
1100 1195 1321 1274 impudenter
1340 1193 1487 1255 licentia.
1512 1192 1578 1254 Sed
1601 1200 1635 1254 et
1649 1191 1718 1272 ipsi
1735 1191 1759 1265 ¹,

614 1293 739 1353 nostris
755 1295 977 1373 temporibus,
992 1296 1144 1358 vidimus
1158 1297 1339 1377 quosdam,
1353 1312 1440 1377 quos
1452 1311 1512 1356 nec
1528 1293 1760 1354 nominandos

613 1392 819 1467 censuimus,
850 1396 922 1475 qui,
952 1395 1049 1476 quasi
1078 1397 1253 1459 occasione
1282 1413 1350 1457 non
1382 1394 1532 1457 curande
1560 1391 1756 1468 vetustatis.

614 1493 724 1555 multa
752 1493 976 1557 incenderunt
1001 1514 1042 1558 ex
1071 1496 1200 1558 eisdem
1228 1514 1314 1558 auro
1339 1495 1440 1557 textis
1465 1493 1688 1567 ornamentis,
1719 1510 1757 1555 re

612 1606 729 1658 autem
741 1614 832 1669 vera,
846 1598 908 1657 lroc
925 1597 1034 1658 moliti
1049 1597 1237 1677 cupiditate
1252 1601 1326 1660 auri
1342 1597 1464 1658 exinde
1479 1595 1645 1674 rapiendi.
1660 1593 1755 1671 Quid
1809 1615 1823 1665 5

612 1700 654 1760 de
670 1699 840 1760 librorum
855 1698 1066 1778 dispersione
1078 1699 1130 1760 vel
1145 1699 1365 1761 distractione
1381 1697 1660 1769 memorandum,
1672 1712 1757 1759 cum

611 1811 645 1863 et
660 1801 775 1881 ipsum
787 1818 872 1862 auro
886 1802 1054 1881 scriptum
1067 1814 1081 1840 ⁶
1096 1801 1308 1881 psalterium,
1323 1800 1414 1881 quod
1430 1797 1593 1861 ludovici
1606 1797 1757 1878 impera-

612 1900 695 1962 toris
711 1899 821 1963 suerat
833 1902 1010 1980 proprium
1021 1903 1044 1976 ²,
1058 1903 1132 1981 ejus
1144 1901 1294 1983 imagine
1306 1902 1339 1962 in
1356 1900 1524 1981 principio
1535 1899 1758 1980 insignitum,

611 2001 703 2079 apud
727 2002 848 2062 urbem
869 2002 1066 2064 Tullensem
1085 1993 1096 2029 ³
1118 2000 1222 2064 fuerit
1245 2001 1437 2076 venditum,
1463 1999 1560 2082 quasi
1582 2000 1618 2061 in
1637 2007 1759 2062 extera

612 2101 788 2180 provincia
812 2103 965 2163 securius
988 2103 1035 2165 ibi
1060 2102 1264 2165 celandum?
1290 2103 1411 2165 Divina
1438 2111 1554 2164 tamen
1576 2100 1759 2179 dispositio
1794 2123 1826 2159 ιο

613 2202 761 2265 restituit
787 2203 872 2265 illud
899 2204 1033 2266 ecclesie
1062 2222 1122 2267 sue
1154 2207 1217 2267 hoc
1246 2205 1359 2266 modo.
1389 2205 1497 2266 Mater
1520 2202 1640 2264 domni
1665 2220 1758 2283 pape

614 2303 733 2364 Leonis
749 2304 830 2365 noni
840 2304 877 2342 δ*
893 2305 1010 2367 venale
1025 2305 1109 2367 illud
1126 2305 1305 2368 inveniens
1319 2305 1414 2377 emit,
1427 2315 1461 2367 et
1472 2304 1583 2366 eidem
1595 2301 1754 2377 filiosuo,

612 2405 874 2473 tuncBrunoni.
894 2405 981 2467 utin
1001 2425 1041 2467 eo
1062 2406 1211 2485 psalmos
1232 2406 1422 2467 addisceret
1443 2403 1671 2483 dispensavit·;
1695 2403 1756 2464 sed

610 2522 689 2566 cum
705 2506 740 2567 in
756 2505 823 2567 alio
836 2506 991 2587 quolibet
1004 2506 1165 2585 psalterio
1179 2516 1212 2568 et
1228 2506 1327 2585 plane
1343 2506 1482 2586 legeret,
1498 2513 1532 2566 et
1546 2502 1643 2565 lacile
1657 2503 1753 2585 quod

609 2604 758 2667 discebat
773 2607 940 2679 redderet,
955 2608 990 2667 in
1006 2606 1065 2667 illo
1078 2617 1214 2668 tantum
1231 2607 1425 2668 incurrebat
1436 2605 1520 2666 tales
1534 2603 1752 2678 offensiones,
1789 2628 1819 2678 ις

610 2715 648 2766 ut
668 2707 777 2767 nimio
797 2707 889 2768 tedio
910 2725 929 2769 a
952 2708 1095 2769 lectione
1116 2708 1291 2770 videretur
1312 2705 1465 2768 deficere.
1490 2705 1633 2767 Nolebat
1657 2703 1754 2765 euim

610 2805 760 2885 Spiritus
775 2807 931 2881 Sanctus
944 2808 1041 2883 cujus
1056 2808 1228 2870 electionis
1240 2827 1298 2871 vas
1308 2809 1403 2870 idem
1415 2825 1500 2887 puer
1515 2805 1655 2870 futurus
1665 2816 1753 2882 erat,

612 2924 653 2968 ne
675 2908 819 2986 alicujus
843 2908 1010 2991 sacrilegii
1033 2919 1203 2984 contactu,
1228 2911 1280 2971 vel
1303 2911 1514 2992 ignoranter,
1540 2907 1754 2971 contamina·

611 3016 717 3070 retur.
736 3007 880 3071 Mirante
896 3025 976 3070 vero
999 3018 1108 3071 matre
1127 3008 1174 3071 sic
1194 3008 1306 3073 filium
1326 3010 1361 3070 in
1382 3008 1542 3089 psalterio
1563 3007 1753 3084 adversari,

610 3108 754 3184 audivit,
772 3110 935 3190 vulgante
952 3108 1052 3182 sama,
1069 3107 1172 3172 fuisse
1186 3111 1273 3172 illud
1288 3111 1424 3172 ecclesie
1440 3110 1528 3172 beati
1546 3108 1703 3183 liuberti,
1720 3118 1757 3172 et
1788 3135 1824 3172 ιο

612 3210 795 3289 multiplici
817 3212 1033 3272 anathemate
1056 3229 1118 3291 per
1139 3212 1291 3273 diversas
1313 3212 1468 3291 regiones
1487 3210 1661 3291 publicam
1679 3211 1757 3288 ejus

609 3310 823 3390 questionem
853 3309 937 3372 lieri.
969 3312 1035 3373 Nec
1062 3311 1123 3373 diu
1155 3320 1286 3373 morata
1320 3312 1362 3373 ad
1396 3312 1511 3373 locum
1541 3313 1754 3392 properavit,

610 3429 826 3493 puerumque
841 3429 957 3474 secum
972 3412 1127 3488 deduxit,
1144 3419 1178 3473 et
1193 3412 1444 3474 absolutionem
1462 3413 1566 3489 hujus
1580 3430 1641 3475 sue
1656 3413 1755 3495 igno-

640 3589 666 3622 ιι.
687 3571 767 3622 Dans
778 3572 814 3634 A,
828 3580 938 3623 textum
951 3588 1020 3624 corr.
1033 3588 1064 3620 en
1078 3570 1125 3622 vel
1138 3571 1284 3637 scriptum.
1299 3598 1330 3609 -
1348 3569 1371 3622 b.
1391 3571 1458 3622 novi
1470 3570 1507 3623 A.

644 3828 650 3854 ¹
670 3821 725 3870 Ces
741 3822 861 3887 plaintes
877 3822 914 3873 du
931 3824 1124 3889 chroniqueur
1140 3837 1211 3874 nous
1223 3820 1339 3873 edilient
1351 3824 1366 3872 ir
1379 3821 1404 3872 la
1416 3819 1470 3872 sois
1481 3835 1530 3872 sur
1541 3818 1706 3872 l'elevation
1718 3820 1755 3872 de
1787 3843 1801 3880 2
1806 3844 1820 3894 5

609 3920 652 3956 ses
664 3908 748 3973 guars
759 3918 786 3957 et
800 3907 825 3957 la
838 3906 976 3958 franchise
988 3908 1023 3958 de
1035 3924 1064 3959 sa
1077 3908 1183 3974 parole.

643 4001 652 4027 ²
672 3992 694 4043 Il
708 3993 785 4060 s'agit
798 3994 835 4044 du
850 3996 974 4059 psautier
986 3994 1068 4045 ollert
1083 4011 1132 4061 par
1145 3994 1279 4046 Lothaire
1297 3994 1333 4045 ler
1345 4002 1373 4044 et
1383 4007 1440 4044 non
1455 4008 1504 4059 par
1516 3991 1603 4044 Louis
1612 3991 1640 4043 le
1651 3990 1753 4055 Pioux,

608 4094 719 4131 comme
740 4080 827 4131 ledit
849 4080 874 4131 la
900 4080 1052 4148 chronique
1074 4082 1210 4132 cidessus
1230 4092 1257 4132 er
1280 4097 1307 4148 p.
1329 4096 1357 4147 9;
1380 4096 1429 4131 sur
1452 4088 1527 4131 cette
1549 4094 1659 4145 erreur,
1683 4094 1752 4148 roy.

608 4165 643 4217 G.
660 4165 778 4228 KURTH‚
793 4167 843 4218 Les
853 4170 984 4235 prenriers
995 4167 1084 4218 sriclcs
1096 4168 1126 4217 de
1137 4167 1250 4235 l'ahbayc
1263 4168 1293 4217 de
1309 4165 1516 4227 saint-Hubert,
1533 4181 1559 4232 p.
1578 4166 1621 4227 48,
1638 4173 1709 4217 nolo
1726 4179 1751 4217 2.

640 4253 752 4305 ³Toul.
1784 4277 1820 4327 3⁰

639 4348 651 4382 ⁴
668 4339 696 4389 S.
712 4340 790 4392 Le'on
805 4340 852 4400 lX,
867 4356 938 4405 pape
954 4340 989 4391 dc
1005 4343 1094 4406 1049&
1113 4353 1186 4402 1054.
1201 4342 1297 4406 naquir
1314 4355 1349 4390 en
1366 4353 1442 4399 1002;
1462 4337 1481 4389 il
1498 4335 1654 4404 s'appelait,
1665 4346 1754 4389 aunt

607 4441 658 4476 son
671 4426 812 4477 elevation
829 4443 862 4477 au
881 4428 1030 4477 souverain
1048 4425 1204 4493 pontificat,
1218 4426 1348 4486 Brunon;
1367 4424 1386 4475 il
1399 4440 1505 4491 occupa
1517 4423 1544 4475 le
1555 4422 1632 4492 siege
1643 4422 1755 4491 episeo-

607 4511 652 4576 pal
670 4513 705 4562 de
722 4512 796 4563 Toul
813 4513 848 4563 de
873 4513 934 4563 1026
955 4515 970 4562 ῑι
992 4528 1063 4577 ¹0⁴9·
1082 4513 1116 4564 Sa
1135 4516 1211 4564 mere
1230 4514 1298 4564 erait
1315 4511 1448 4573 Helvide,
1472 4525 1523 4562 son
1544 4512 1613 4576 pere
1634 4508 1752 4578 Hugue,

607 4609 700 4648 comte
720 4598 893 4666 d’ligisheim
914 4600 997 4650 etde
1019 4599 1176 4668 Dasbuurg.
1201 4600 1273 4667 Voy.
1298 4601 1372 4651 P.-P.
1395 4597 1547 4657 Breuem,
1571 4594 1707 4648 L'Alsace
1728 4605 1756 4647 et

605 4668 762 4749 I'Egliseau
776 4692 857 4750 temps
869 4685 904 4734 du
920 4702 987 4751 pape
1005 4685 1033 4738 S.
1053 4685 1124 4736 Le‘on
1144 4685 1195 4739 IX,
1217 4684 1394 4753 Strasbourg.
1418 4684 1492 4749 1889:
1513 4695 1678 4748 remarquer
1694 4697 1754 4750 que
1784 4705 1817 4758 35

605 4781 648 4820 cet
667 4779 767 4821 auteur
784 4771 826 4822 n'a
846 4787 894 4837 pas
911 4788 1014 4834 connu,
1035 4790 1083 4824 sur
1100 4788 1152 4824 son
1171 4772 1263 4833 heros,
1284 4771 1438 4822 l’anecdote
1456 4769 1601 4821 cidessus.
1621 4766 1663 4819 Le
1691 4766 1752 4818 Vita

604 4856 633 4909 S.
648 4855 744 4907 Leonis
755 4856 800 4906 lx
810 4857 900 4925 Papae
910 4858 1075 4923 (Dncnear,
1089 4860 1159 4909 :leta
1170 4858 1330 4909 ..sanctorum
1341 4858 1444 4907 ordinis
1456 4855 1486 4906 S.
1500 4852 1647 4915 Benedicti,
1661 4862 1683 4908 t.
1698 4853 1751 4917 lx,

606 4959 652 5009 pp.
667 4956 697 5008 47
711 4954 739 4994 el
752 4944 837 5008 suiv.)
848 4961 883 4996 ne
896 4945 921 4996 la
935 4944 1021 4996 relate
1034 4961 1082 5012 pas
1094 4960 1152 4997 non
1166 4944 1239 5010 plus.
