4450 6125
609 861 691 940 214
821 839 1134 920 Cantatorr'um
1164 842 1256 918 sive
1292 836 1542 917 Chronioon

604 1131 752 1196 fratrum
767 1149 793 1208 α,
811 1135 949 1214 scripsit
972 1135 1175 1216 Berengero,
1197 1137 1262 1196 sub
1284 1135 1509 1197 obtestatione
1531 1131 1752 1215 professionis

605 1251 665 1295 sue
678 1251 785 1314 quam
800 1231 925 1296 fecerat
939 1235 1088 1310 ecclesie,
1103 1245 1141 1296 ut
1155 1234 1206 1295 illi
1222 1234 1257 1295 in
1275 1234 1425 1315 presenti
1441 1234 1594 1315 periculo
1609 1251 1753 1296 succur-

606 1345 706 1409 reret,
737 1337 899 1417 quodque
928 1336 1054 1398 volenti
1084 1336 1200 1397 animo
1228 1335 1403 1398 abbatiam
1431 1335 1495 1397 sibi
1525 1334 1753 1397 commissam

606 1435 826 1517 relinqueret,
841 1437 904 1498 hac
916 1447 1031 1499 tamen
1044 1436 1187 1498 omnino
1202 1436 1406 1517 interposita
1421 1435 1628 1511 conditione,
1640 1435 1752 1517 quod,

604 1537 816 1616 quibuslibet
838 1537 913 1600 aliis
935 1537 1134 1618 postpositis
1150 1536 1175 1612 Ι,
1197 1537 1274 1599 ideo
1297 1555 1379 1599 eum
1405 1554 1637 1599 successorem
1652 1549 1665 1577 ⁶
1683 1537 1753 1599 ele·

504 1644 507 1649 '
602 1637 743 1718 gissetd,
761 1655 802 1699 ne
823 1639 1078 1700 consecratione
1098 1637 1232 1700 Otberti
1252 1637 1422 1718 indigeret
1434 1637 1455 1702 ¹.
1477 1636 1623 1717 Scripsit
1642 1638 1753 1701 etiam

604 1739 767 1801 fratribus
785 1739 821 1800 in
839 1757 1035 1813 commune,
1057 1749 1095 1801 ut
1113 1755 1219 1819 quem
1238 1739 1387 1818 elegerat
1404 1738 1471 1819 ipsi
1489 1756 1628 1820 quoque
1645 1738 1753 1821 elige-

603 1848 690 1914 rent,
704 1839 820 1920 sicque
836 1857 897 1919 per
913 1856 1036 1901 manus
1053 1839 1190 1903 Raineri
1208 1838 1356 1900 Pirensis
1371 1848 1406 1902 et
1423 1839 1563 1903 Roberti
1578 1839 1755 1902 Cunensis

602 1941 764 2002 baculum
786 1939 995 2018 pastoralem
1011 1939 1143 2001 remisit
1158 1939 1312 2015 ecclesie;
1334 1957 1439 2021 quem
1461 1939 1511 2001 illi
1533 1941 1626 2020 apud
1651 1940 1755 2003 Piros

601 2060 641 2103 ex
656 2040 816 2102 consultu
831 2041 971 2102 interim
988 2040 1237 2120 reliquerunt‘,
1255 2049 1294 2102 ut
1309 2041 1407 2122 quasi
1422 2041 1464 2103 de
1477 2029 1619 2104 incertis
1632 2041 1754 2103 adbuc

601 2144 703 2204 rebus
719 2141 914 2219 proveniret
927 2140 1017 2203 inter
1033 2140 1237 2203 dissidentes
1251 2141 1378 2204 certius
1393 2141 1586 2218 consilium,
1599 2152 1634 2205 et
1648 2150 1753 2205 tanto

600 2241 700 2304 citius
723 2242 905 2322 Berengeri
927 2241 1094 2323 eligerent
1116 2242 1298 2316 auxilium,
1321 2252 1452 2323 quanto
1471 2262 1512 2305 ex
1535 2243 1754 2306 Theoderico

599 2343 722 2405 abbate
752 2352 913 2423 gravaret
943 2360 1001 2405 eos
1032 2342 1250 2404 desolationis
1282 2360 1343 2404 sue
1375 2343 1754 2417 fastidium‚·maxime

635 2579 661 2612 a.
681 2561 761 2611 Dans
781 2561 819 2617 A,
842 2577 875 2610 on
895 2559 928 2610 lit
947 2559 993 2611 vel
1011 2560 1187 2626 presentium
1206 2559 1322 2611 fratrum
1341 2560 1391 2614 ibi.
1410 2591 1443 2599 -
1462 2560 1486 2615 l.
1505 2561 1587 2614 Dans
1603 2561 1641 2618 A,
1664 2578 1699 2613 on
1717 2561 1754 2614 lit

601 2647 708 2713 ppottis
727 2663 788 2696 avec
808 2662 845 2697 un
863 2644 954 2696 double
969 2647 1044 2711 signe
1060 2644 1248 2697 d’abrrviarion
1264 2649 1342 2712 apris
1358 2645 1382 2697 le
1395 2649 1514 2716 prernr'er
1530 2663 1550 2714 p
1565 2653 1592 2698 et
1606 2647 1753 2699 atrssdessus
1784 2664 1814 2716 15

600 2733 630 2782 de
646 2748 673 2786 o.
692 2761 724 2770 -
740 2749 764 2783 ι.
783 2746 979 2783 succensorem
995 2733 1034 2783 A.
1050 2760 1084 2769 —
1100 2732 1127 2784 d.
1145 2731 1270 2799 eligisset
1286 2732 1323 2785 Α.
1342 2761 1374 2770 -
1393 2749 1416 2786 ι.
1434 2733 1516 2784 Dans
1529 2732 1568 2789 A,
1586 2749 1620 2784 on
1636 2731 1673 2784 lit
1684 2733 1754 2786 reli·

601 2826 724 2886 querunt
736 2817 850 2869 interim
863 2819 1006 2884 corrigam
1020 2818 1038 2870 i.
1052 2833 1076 2871 r.

636 3147 808 3208 ¹Cnucu1u,
830 3163 906 3199 ouvr.
926 3148 985 3208 citt,
1009 3155 1029 3198 t.
1049 3145 1086 3207 ΙΙ,
1104 3161 1132 3212 p.
1156 3147 1198 3207 84,
1217 3146 1372 3213 comprend
1393 3162 1449 3214 que
1465 3146 1586 3215 Tbierry
1606 3146 1633 3199 ll
1654 3148 1751 3200 aurait

600 3233 735 3288 conseille
755 3236 771 3284 a
792 3232 934 3301 Berenger
958 3232 1199 3283 ‹d'abandonner
1219 3232 1255 3284 de
1278 3232 1334 3284 bon
1354 3248 1434 3284 creur
1453 3232 1581 3301 l’abbaye
1600 3233 1637 3285 de
1654 3232 1751 3287 Saint-

601 3322 768 3382 laurent»,
787 3328 815 3370 et
833 3320 853 3370 il
871 3320 966 3386 ajoute
985 3334 991 3371 :
1012 3338 1026 3367 e
1043 3319 1083 3370 Ce
1104 3319 1197 3386 projet
1217 3333 1290 3370 nous
1311 3329 1422 3370 montre
1443 3319 1508 3370 bien
1528 3318 1637 3387 l'esprit
1658 3321 1749 3374 etroit
1778 3337 1808 3375 ao

600 3410 659 3476 qui,
675 3424 725 3476 par
736 3408 809 3459 suite
822 3407 857 3458 de
869 3423 913 3459 ses
929 3405 1053 3458 demeles
1069 3422 1137 3457 avec
1153 3405 1267 3468 Otbert,
1283 3407 1400 3457 anintait
1416 3406 1457 3457 les
1473 3422 1543 3458 vues
1558 3407 1594 3459 de
1609 3406 1748 3477 Thierry,

600 3512 635 3548 au
657 3496 753 3547 milieu
770 3495 820 3546 des
838 3495 957 3563 grandes
975 3495 1061 3546 luttes
1080 3494 1117 3545 du
1136 3494 1283 3545 sacerdoce
1295 3503 1322 3544 et
1336 3494 1371 3545 de
1382 3494 1519 3560 l'empire.
1537 3493 1594 3545 Car
1604 3494 1648 3546 s'il
1661 3509 1692 3547 se
1704 3494 1750 3548 fut

600 3582 709 3643 realise,
731 3582 757 3632 la
777 3582 911 3632 situation
933 3581 1089 3631 materielle
1107 3581 1143 3631 de
1164 3578 1369 3632 saint-Hubert
1391 3582 1439 3632 etit
1462 3579 1681 3646 probabletuent
1701 3580 1750 3634 ete

598 3670 710 3730 sauvee,
729 3669 770 3720 les
790 3682 928 3718 rancunes
947 3667 982 3717 de
1000 3665 1122 3733 Thicrry
1144 3675 1259 3717 eussent
1278 3666 1385 3718 obtenu
1404 3682 1442 3717 un
1459 3666 1566 3718 certain
1583 3666 1746 3734 triompbe;

599 3757 669 3808 mais
691 3755 766 3807 alors
789 3753 916 3820 l'abbaye
938 3752 973 3803 de
997 3752 1220 3804 Saint-Laurent
1239 3753 1349 3803 courait
1369 3754 1464 3819 risque
1483 3752 1519 3804 de
1539 3752 1654 3805 tomber
1673 3753 1747 3806 dans
1776 3770 1808 3822 25

597 3845 632 3897 de
644 3857 743 3911 graves
755 3841 906 3893 embarras.
920 3839 997 3892 Tout
1008 3855 1042 3890 au
1058 3840 1150 3890 moins
1165 3838 1193 3889 le
1208 3839 1313 3890 nouvel
1328 3838 1400 3891 abbe
1416 3839 1452 3890 de
1463 3837 1684 3892 SaintLaurent
1694 3843 1748 3893 ellt

597 3931 636 3983 dit
654 3928 781 3979 recevoir
795 3925 975 3978 l'ordination
992 3926 1041 3976 des
1059 3925 1148 3975 mains
1164 3923 1305 3987 d'Otbert,
1321 3940 1354 3976 ce
1370 3940 1426 3992 que
1442 3924 1564 3994 Thierry
1580 3941 1618 3977 ne
1634 3927 1750 3982 voulait

597 4032 648 4086 pas
665 4030 738 4083 pour
756 4012 970 4065 Saintllubert.
990 4011 1175 4073 Neanmoins,
1195 4028 1226 4063 ce
1244 4012 1336 4078 projet
1355 4011 1396 4062 lut
1416 4014 1581 4064 hautement
1597 4015 1751 4081 approuvr'e

598 4106 648 4158 des
666 4103 802 4171 religieux
820 4101 855 4151 de
877 4098 1088 4151 Salat-Hubert
1108 4107 1136 4150 et
1156 4099 1206 4150 des
1225 4098 1320 4149 divers
1339 4098 1425 4150 abbes
1444 4098 1519 4151 alors
1539 4098 1670 4166 presente
1688 4116 1750 4155 aux

599 4188 754 4243 solennites
770 4187 806 4238 de
824 4184 1003 4237 Sam-Remi
1022 4204 1046 4234 ›.
1065 4185 1148 4235 Cotto
1167 4198 1314 4251 remarque
1331 4193 1414 4250 porte
1430 4186 1446 4235 a
1464 4183 1528 4237 faux
1547 4200 1555 4236 ε
1574 4184 1699 4255 Thierry
1719 4188 1750 4241 ll
1782 4207 1818 4259 30

600 4281 671 4334 derit
688 4282 704 4329 a
722 4279 874 4345 Berenger,
887 4274 956 4342 qu'il
972 4274 1140 4325 abandonne
1156 4274 1191 4325 de
1208 4272 1265 4325 bon
1281 4288 1360 4324 duur
1376 4289 1427 4325 son
1444 4273 1553 4341 abbaye
1566 4276 1583 4325 a
1595 4274 1647 4336 lui,
1659 4275 1753 4329 c'est-

600 4367 689 4419 adire
706 4363 925 4423 Salat-Hubert3
944 4378 980 4413 en
1001 4361 1124 4412 d'autres
1144 4369 1258 4422 termeS,
1278 4360 1298 4411 il
1315 4360 1395 4429 s'agit
1415 4375 1487 4426 pour
1506 4359 1659 4430 Berenger,
1676 4362 1755 4418 dans

601 4455 683 4507 l'idde
699 4455 733 4505 de
746 4453 867 4519 Thierry
881 4450 917 4511 ll,
931 4450 966 4501 de
982 4448 1111 4500 cumulet
1128 4448 1169 4499 les
1184 4448 1259 4499 deux
1276 4449 1392 4514 charges
1406 4446 1570 4502 abbatiales.
1588 4446 1683 4501 Pareil
1698 4448 1754 4504 fait

603 4547 645 4592 est
661 4539 710 4590 des
726 4538 789 4604 plus
802 4536 946 4602 frequents
958 4538 973 4585 a
988 4542 1064 4585 cette
1075 4534 1196 4601 epoque.
1211 4533 1247 4583 Et
1259 4532 1300 4584 les
1313 4534 1422 4585 moines
1433 4532 1583 4585 hubertina
1594 4548 1755 4602 compren-

605 4634 673 4678 ncnt
690 4625 713 4675 si
732 4624 795 4676 bien
815 4624 840 4674 la
857 4626 942 4674 chose
954 4622 1034 4683 ainsi,
1047 4620 1131 4687 qu'ils
1146 4628 1312 4686 repoussent
1333 4618 1474 4687 Berenger
1488 4634 1525 4671 en
1539 4619 1634 4672 disant
1646 4638 1654 4675 :
1666 4637 1753 4677 mn
1784 4634 1820 4688 35

605 4712 648 4782 illi
666 4711 784 4778 sufficere
803 4708 951 4764 librariam,-
971 4716 1000 4759 et
1017 4707 1159 4775 Be'rengcr
1182 4707 1328 4758 lui-meme
1350 4705 1450 4758 affecte
1472 4706 1663 4774 d'approuver
1684 4708 1757 4764 leur

603 4798 729 4851 decision
746 4812 781 4847 en
799 4796 890 4846 disant
910 4812 916 4846 :
935 4811 984 4844 sua
1001 4793 1052 4844 sibi
1066 4794 1194 4860 sufficere,
1217 4795 1360 4860 unicuique
1377 4795 1405 4843 in
1422 4792 1529 4844 ecclesia
1545 4809 1595 4845 sua
1615 4794 1759 4851 mairani

604 4884 716 4936 debitum
729 4882 852 4933 honorari
864 4889 1015 4944 corriperem
1030 4880 1194 4941 ci-dessous,
1208 4896 1235 4946 p.
1250 4892 1308 4943 215.
