4450 6125
619 829 672 912 28
830 831 1141 912 Cantatorium
1171 835 1262 911 sive
1299 827 1549 909 Chronioon

616 1127 781 1188 Lesuram
809 1126 818 1153 ¹
844 1127 1052 1205 procuravit,
1076 1144 1117 1187 ex
1143 1144 1181 1188 ea
1207 1126 1291 1186 bene
1318 1132 1435 1194 natus;
1462 1119 1656 1182 Everardus
1683 1118 1766 1183 Dio·

615 1226 730 1289 nensis
759 1226 780 1298 ²,
808 1225 1003 1304 Stephanus
1032 1225 1265 1296 Namucensis,
1295 1223 1431 1295 Emmo,
1462 1220 1621 1294 Alardus,
1654 1221 1765 1284 Ebre·

616 1328 780 1401 mundus,
815 1327 1014 1390 Guarnerus
1048 1337 1081 1390 et
1118 1327 1317 1389 Dominicus
1355 1323 1520 1397 lloiensis,
1560 1322 1764 1387 Fuleaudus

618 1429 814 1500 Montensis,
833 1448 895 1508 pro
912 1430 1008 1492 bonis
1023 1431 1179 1492 moribus
1194 1427 1458 1510 cognominatus
1471 1424 1645 1506 johannes
1659 1443 1763 1506 apos·

615 1529 717 1603 tolus,
732 1530 757 1591 F
761 1529 932 1602 ulcherus,
947 1532 1112 1595 Ricberus
1126 1541 1160 1593 et
1176 1531 1347 1593 Gonterus
1363 1527 1559 1589 Porcienses
1574 1517 1597 1600 ³,
1613 1537 1763 1608 uterque
1811 1552 1826 1603 ς

616 1629 818 1710 Arnulphus
834 1630 1095 1694 Valentiniensis
1112 1633 1137 1706 ⁴,
1155 1632 1357 1703 almannus,
1375 1627 1580 1692 Godefridus
1601 1634 1636 1689 et
1653 1627 1763 1690 Adelo

618 1731 884 1795 Wavoracenscs
898 1723 919 1795 ⁵.

660 1935 715 1991 10.
731 1933 810 2008 (14.)
824 1930 883 1990 His
895 1931 1058 1992 omnibus
1070 1929 1299 1992 militantibus
1312 1930 1380 1990 Deo
1390 1928 1455 1990 sub
1467 1927 1645 2007 disciplina
1659 1945 1763 2010 regu-

619 2031 681 2093 lari
704 2040 838 2109 preerat
863 2032 979 2100 abbas,
1002 2031 1100 2111 quasi
1125 2030 1268 2112 quidam
1294 2029 1366 2090 dux
1391 2028 1561 2090 industrie
1586 2029 1761 2096 militaris.

619 2132 679 2194 His
704 2130 867 2193 omnibus
887 2131 1004 2194 omnia
1024 2129 1134 2193 factus
1158 2129 1392 2192 conformabat
1413 2147 1448 2191 se
1470 2129 1628 2211 singulis,
1654 2131 1764 2198 donec
1796 2154 1829 2190 ro

617 2231 824 2303 formaretur
854 2215 1014 2294 Christus
1045 2233 1081 2293 in
1110 2232 1170 2305 eis,
1205 2249 1266 2294 nec
1297 2247 1509 2312 quemquam
1541 2231 1762 2298 existimabat

619 2333 757 2395 fortuna
770 2333 821 2394 vel
834 2333 1040 2408 conditione,
1057 2333 1115 2395 sed
1134 2333 1289 2393 moribus
1303 2341 1335 2392 et
1348 2330 1522 2410 religione.
1538 2331 1580 2393 Et
1594 2322 1607 2359 ⁶
1620 2350 1702 2396 cum
1717 2338 1762 2398 ab

618 2435 759 2496 ineunte
783 2443 872 2496 etate
898 2432 1054 2515 religiose
1080 2432 1261 2495 institutus
1283 2433 1435 2493 modeste
1460 2442 1494 2493 et
1514 2442 1604 2495 caste
1624 2433 1760 2511 vixerit,

619 2547 697 2598 tum
711 2547 725 2573 ⁶
741 2552 820 2596 vero
836 2537 929 2596 hunc
942 2536 1080 2597 sibimet
1098 2552 1200 2596 usum
1216 2533 1350 2594 vivendi
1372 2532 1647 2597 continuandum
1662 2534 1763 2599 insti-

619 2637 698 2711 tuit,
724 2649 762 2698 ut
788 2636 923 2698 nonnisi
949 2637 1051 2698 semel
1079 2637 1114 2696 in
1140 2634 1195 2696 die
1220 2651 1354 2712 semper
1377 2631 1540 2708 reficeret,
1563 2644 1635 2696 tam
1661 2655 1762 2716 parce
1795 2657 1826 2708 ις

619 2746 736 2799 tamen
759 2745 795 2798 ut
817 2736 1044 2799 continuatim
1065 2734 1222 2807 esuriret,
1238 2744 1272 2796 et
1293 2736 1356 2796 hoe
1374 2735 1446 2796 sine
1468 2734 1542 2796 ovis
1564 2741 1597 2795 et
1616 2753 1714 2800 caseo
1729 2748 1763 2802 et

621 2838 748 2918 absque
770 2836 886 2918 sagine
908 2837 1138 2899 condimento.
1162 2837 1197 2898 ln
1221 2836 1383 2918 legitimis
1408 2845 1526 2899 autem
1551 2838 1764 2903 observatio·

620 2937 723 2999 nibus
738 2937 908 2999 adventus
922 2947 955 2999 et
969 2938 1244 3019 quadragesime,
1262 2938 1422 3000 biduanis
1440 2947 1474 2999 et
1489 2937 1660 3001 triduanis
1675 2937 1761 3020 jeju·

620 3037 686 3100 niis
707 3056 743 3100 se
765 3040 957 3101 macerabat
976 3038 1106 3101 occulte
1125 3038 1148 3100 l.
1173 3039 1291 3101 Preter
1313 3056 1536 3101 communem
1560 3042 1759 3105 monasterii

619 3139 853 3216 elemosinam,
865 3141 1069 3203 duodecime
1083 3158 1250 3220 pauperes
1265 3140 1386 3203 cotidie
1402 3141 1526 3214 alebat,
1537 3140 1666 3222 quibus
1680 3143 1760 3207 lotis
1788 3162 1827 3201 ιο

653 3345 679 3379 a.
698 3336 728 3378 tu
741 3344 774 3378 ou
787 3337 818 3378 tn
830 3330 867 3379 A.
888 3358 918 3367 -
936 3329 958 3381 b.
977 3330 1072 3381 oculte
1084 3330 1122 3380 sl.
1142 3358 1171 3367 -
1190 3347 1213 3380 c.
1231 3330 1344 3381 duocim
1358 3331 1395 3381 Α.

654 3662 661 3689 ¹
682 3654 789 3717 Lieser,
804 3670 868 3721 voy.
883 3671 910 3720 p.
928 3668 966 3717 ¹3.
980 3664 1048 3706 note
1064 3670 1103 3705 10.

654 3748 662 3774 2
685 3742 755 3791 Pour
772 3740 973 3800 Dionantensis,
991 3741 1026 3792 de
1043 3741 1148 3792 Dinant
1166 3741 1299 3808 (Namur,
1317 3740 1449 3792 chel-lieu
1467 3742 1761 3813 d'arrondissement).

653 3832 662 3869 3
681 3826 755 3876 C'est
768 3827 805 3876 du
815 3830 901 3893 pagus
914 3827 948 3877 de
963 3827 1079 3878 Porcien
1100 3828 1179 3893 (plus
1196 3827 1257 3878 tard
1275 3826 1368 3879 comte
1383 3828 1418 3879 de
1436 3827 1720 3897 mareau-Porcina),
1734 3840 1763 3883 et

620 3909 683 3975 plus
695 3910 905 3976 specialement,
916 3912 995 3963 selon
1008 3921 1086 3963 toute
1096 3928 1261 3978 apparcnce,
1272 3914 1307 3966 de
1320 3913 1345 3964 la
1358 3913 1470 3965 localite
1481 3916 1572 3966 meme
1580 3914 1616 3967 de
1624 3914 1765 3969 charem-
1793 3939 1828 3992 ²5

622 3996 738 4046 l'orcien
752 3997 944 4062 (aujourd'hui
957 3997 1024 4048 ville
1036 3998 1073 4048 du
1086 3999 1282 4064 departement
1293 4001 1343 4051 des
1356 4000 1513 4062 Ardennes,
1522 4001 1765 4056 arrondissement

619 4081 654 4131 de
667 4079 795 4148 Rethel),
810 4097 865 4149 que
877 4093 944 4133 veut
958 4082 1050 4148 parler
1062 4083 1191 4134 l’auteur.

652 4176 664 4211 ⁴
683 4166 725 4219 De
738 4168 941 4220 Valencienncs
959 4169 1109 4236 (chel-lieu
1129 4171 1163 4222 de
1182 4170 1437 4223 l'arrondissement
1450 4173 1528 4224 dece
1545 4188 1621 4235 nom,
1635 4172 1767 4241 de'parte-

622 4265 698 4306 ment
711 4256 747 4306 du
762 4255 868 4323 Nord).

655 4349 663 4384 ⁵
684 4341 725 4393 De
739 4342 764 4393 la
777 4343 908 4403 ll'oevre,
928 4353 1031 4395 «vaste
1048 4344 1144 4412 region
1163 4345 1304 4409 comprise
1319 4353 1400 4395 entre
1417 4345 1442 4396 la
1460 4345 1559 4398 Mense
1575 4356 1603 4398 et
1620 4347 1647 4399 la
1661 4347 1766 4414 ὃπως
1799 4378 1834 4428 30

622 4444 685 4479 vers
695 4429 721 4479 le
731 4430 800 4480 nord
811 4430 865 4480 elle
873 4429 1007 4481 conlinait
1015 4433 1030 4480 ir
1040 4431 1195 4482 l'tlrdenne
1204 4446 1271 4481 avec
1280 4430 1402 4498 laquelle
1411 4431 1466 4483 elle
1475 4448 1490 4483 a
1499 4432 1545 4484 ete
1553 4433 1768 4500 partiellement

622 4515 796 4572 conlondue:
815 4533 850 4567 au
869 4518 920 4567 sud
941 4518 997 4568 elle
1013 4518 1159 4569 s’etendait
1177 4518 1285 4584 jusqu'a
1306 4518 1424 4570 l'ancien
1445 4519 1537 4572 comte
1555 4520 1702 4574 mosellan.
1724 4522 1769 4578 La

626 4606 747 4654 woevre
759 4605 921 4655 embrassait
935 4604 1075 4669 plusieurs
1083 4608 1151 4671 pagi
1159 4623 1170 4655 .·
1183 4605 1209 4656 le
1219 4621 1305 4671 pagus
1317 4604 1428 4661 lvotius,
1441 4606 1468 4657 le
1476 4622 1563 4673 pagias
1579 4606 1768 4673 Virdunensr's,

623 4690 648 4740 lo
659 4705 744 4755 pagus
758 4690 907 4740 llorncnrr's
926 4691 1129 4759 (odornensis),
1150 4693 1176 4743 le
1190 4708 1277 4758 pagus
1294 4692 1425 4742 illatensis
1440 4707 1476 4743 ou
1497 4691 1724 4762 Methingowe...
1739 4715 1765 4761 a,

624 4780 655 4831 l..
670 4779 937 4840 Vauoaruunuaua,
950 4796 1025 4833 ouvr.
1038 4783 1096 4842 cite,
1110 4790 1131 4831 t.
1147 4780 1182 4840 ll,
1198 4796 1225 4846 p.
1241 4794 1297 4846 337,
1795 4807 1829 4859 35

655 4871 666 4899 ‘¹
684 4863 742 4917 Cir.
764 4865 820 4915 tto
840 4866 998 4931 Theoderici,
1015 4884 1054 4920 ιι.
