4450 6125
614 845 669 929 58
828 846 1141 930 Cantatorium
1172 851 1265 928 sive
1301 845 1550 927 ChronIcon

455 1163 599 1231 roopnov.
652 1149 710 1208 28.
728 1144 803 1221 (32.)
825 1145 901 1206 Dux
924 1145 933 1172 ¹
956 1143 1161 1207 Godcfridus
1183 1144 1217 1205 in
1243 1143 1338 1206 ltalia
1358 1142 1555 1205 infirmatus
1576 1150 1610 1202 et
1631 1139 1763 1204 exinde

612 1246 798 1309 bulonium
816 1245 998 1318 revectus²,
1011 1263 1089 1307 cum
1103 1245 1172 1325 jam
1188 1245 1404 1325 desperaret⁶
1416 1243 1485 1305 vite
1499 1260 1571 1316 sue,
1584 1242 1699 1305 missis
1714 1245 1759 1305 ad

610 1348 770 1408 abbatem
786 1346 1036 1408 Theodericum
1051 1344 1184 1426 legatis,
1200 1344 1282 1406 satis
1304 1342 1483 1406 humiliter
1498 1349 1537 1404 ut
1550 1359 1586 1404 se
1601 1340 1761 1405 visitaret

608 1447 761 1525 expetiit.
777 1446 992 1528 Nequeenim
1004 1462 1181 1525 processus
1192 1454 1265 1506 erat
1276 1442 1349 1521 ejus
1360 1443 1403 1504 de
1415 1442 1622 1505 monasterio
1633 1439 1757 1517 facilis,

610 1548 760 1609 maxime
775 1565 856 1610 vero
876 1547 989 1628 gratIa
1010 1547 1155 1622 alicujus
1175 1562 1319 1625 persone
1340 1544 1514 1606 secularis.
1532 1543 1690 1606 Tandem
1709 1544 1754 1606 ad
1808 1567 1823 1619 ς

608 1666 690 1710 eum
705 1649 891 1730 ingressus,
903 1666 983 1711 cum
999 1656 1094 1710 tante
1108 1647 1206 1727 prius
1218 1645 1393 1727 potestatis
1407 1646 1523 1707 virum
1534 1643 1548 1683 ὃ
1561 1644 1609 1706 ita
1620 1643 1756 1708 videret

607 1747 781 1823 affectum,
804 1750 944 1811 clevatis
965 1748 1072 1811 oculis
1093 1749 1136 1810 ad
1160 1749 1269 1810 Deum
1295 1762 1302 1807 :
1333 1745 1392 1819 Tu,
1416 1745 1541 1826 inquit,
1565 1746 1759 1808 humiliasti

607 1851 693 1912 sicul
714 1850 925 1912 vulneratum
947 1850 1126 1923 superbum
1143 1840 1164 1910 ³.
1189 1850 1262 1910 Dux
1280 1849 1321 1909 ad
1343 1849 1489 1909 verbum
1506 1846 1639 1909 abbatis
1656 1864 1755 1910 com·

606 1962 755 2032 punctus
771 1967 779 2012 :
797 1952 908 2017 Pater.
922 1952 980 2023 ait,
999 1952 1183 2022 karissime,
1201 1950 1303 2009 nichil
1316 1949 1438 2010 verius.
1458 1948 1499 2010 Et
1513 1965 1699 2028 erumpens
1715 1948 1753 2009 in

607 2051 780 2127 lacrimas,
797 2053 853 2112 vix
869 2068 929 2131 pre
943 2051 1154 2132 singultibus
1174 2059 1316 2112 conatus
1333 2049 1460 2130 eloqui,
1477 2065 1601 2127 puram
1620 2046 1751 2111 confes·
1789 2076 1822 2113 ιο

607 2151 738 2212 sionem
755 2168 815 2232 pro
831 2152 1065 2231 expectatione
1082 2152 1204 2213 mortis
1220 2152 1288 2212 Deo
1309 2169 1424 2212 coram
1439 2150 1562 2212 abbate
1584 2148 1749 2225 reddidit,

607 2268 715 2331 caque
731 2251 874 2323 reddita,
888 2251 1044 2332 gladium
1060 2268 1164 2314 suum
1179 2250 1242 2313 sibi
1258 2251 1380 2312 deterri
1397 2251 1507 2329 jussit,
1519 2269 1635 2332 quem,
1649 2250 1751 2315 assis·

608 2359 701 2413 tente
716 2350 787 2413 lilio
801 2370 864 2414 suo
876 2352 1277 2425 Godelrido,continuato
1287 2353 1420 2434 gemitu
1437 2352 1622 2432 penitentie
1633 2353 1751 2416 abbati

607 2451 822 2515 reddendum
853 2454 1072 2532 presentavit,
1100 2470 1250 2534 eumque
1279 2452 1342 2514 sibi
1372 2461 1493 2514 testem
1524 2449 1683 2515 futurum
1713 2453 1750 2515 io

604 2553 765 2631 judicio⁶
800 2553 860 2615 Dei
892 2571 956 2634 pro
987 2553 1286 2615 abrenuntiatione
1320 2552 1440 2615 militie
1470 2551 1634 2615 secularIs
1665 2554 1751 2616 satis
1786 2580 1817 2632 ις

605 2653 795 2728 humiliter,
818 2655 926 2737 magis
946 2672 1027 2718 vero
1048 2654 1203 2716 dolenter
1223 2653 1433 2717 inclamavit.
1456 2655 1611 2732 Quantas
1628 2662 1749 2718 autem

606 2751 763 2815 lacrimas
785 2754 828 2814 ab
850 2755 959 2816 oculis
982 2753 1283 2817 circumstantium
1305 2756 1490 2817 excusserit
1511 2756 1597 2817 tanti
1619 2755 1751 2818 doloris

604 2854 849 2933 spectaculum,
870 2856 1085 2934 pensandum
1109 2856 1225 2933 pocius
1245 2857 1454 2931 censuimus,
1471 2874 1578 2938 quani
1602 2854 1748 2919 referen-

604 2955 700 3016 dum.
725 2954 834 3031 Cujus
856 2955 949 3016 enim
970 2972 1028 3017 cor
1051 2973 1117 3018 noo
1141 2956 1321 3029 emolliret,
1344 2957 1442 3036 cujus
1462 2958 1515 3018 vel
1537 2957 1751 3021 inhumanos

603 3055 742 3117 affectus
759 3073 824 3117 non
841 3055 1020 3119 inclinaret
1041 3055 1229 3137 penitentia
1249 3068 1319 3120 tam
1340 3058 1462 3121 devota
1478 3068 1618 3140 tamque
1634 3058 1751 3121 humi·
1783 3083 1821 3123 ιο

603 3155 644 3217 lis
672 3156 765 3219 illius
793 3157 969 3239 quondam
1004 3157 1269 3220 nominatissimi
1305 3159 1458 3222 Romane
1489 3158 1583 3221 urbis
1610 3158 1748 3239 patricii

602 3264 636 3318 et
658 3255 797 3336 prefecti
825 3258 1054 3320 Anchonitani
1082 3269 1116 3321 et
1141 3259 1253 3321 Pisani
1277 3260 1486 3322 marchionis
1507 3269 1541 3322 et
1564 3259 1673 3322 tocius
1694 3260 1748 3322 in·

602 3358 794 3435 terjacentis
814 3359 935 3421 TuscIe
953 3371 987 3422 et
1008 3360 1100 3422 ltalie
1121 3360 1357 3434 dominatoris,
1379 3360 1496 3423 Invicti
1516 3378 1655 3443 quoque
1669 3361 1748 3424 Vir·

601 3458 812 3521 dunensium
843 3462 979 3532 comitis
1008 3471 1041 3522 et
1073 3462 1294 3543 lotharingie
1324 3461 1437 3535 ducis,
1470 3462 1606 3525 Henrici
1638 3463 1746 3526 etiam

632 3637 659 3672 a.
685 3619 765 3671 Dans
784 3621 822 3682 A,
847 3621 1007 3687 desperavit
1029 3624 1132 3689 corrIge'
1151 3638 1182 3671 cn
1207 3622 1378 3688 desperaret.
1400 3651 1434 3660 —
1457 3621 1480 3673 b.
1505 3623 1586 3674 Dans
1605 3623 1643 3685 A,
1666 3631 1747 3676 tante
1776 3642 1810 3695 ²⁵

600 3707 748 3772 potestatis
769 3708 861 3759 virum
883 3709 962 3774 prius
982 3710 1085 3775 corrigi
1104 3725 1204 3760 comme
1224 3710 1359 3763 ci-dessus.
1379 3737 1409 3748 -
1434 3727 1458 3762 c.
1482 3710 1562 3761 Dans
1581 3709 1620 3769 A.
1641 3718 1745 3763 testem

601 3793 631 3843 in
641 3793 747 3859 judicio
759 3792 885 3845 loturum
899 3797 1001 3862 corrige'
1012 3812 1112 3846 conum
1124 3798 1259 3847 cidessus.

635 4033 643 4059 ¹
662 4032 717 4084 Les
735 4030 798 4083 Iaits
819 4030 926 4083 relatiIs
942 4035 958 4081 i
976 4030 1132 4083 Godeiroid
1153 4032 1179 4082 le
1198 4030 1291 4082 Barbu
1312 4045 1342 4082 se
1362 4031 1474 4098 placent
1491 4030 1560 4082 dans
1576 4029 1604 4083 Ie
1623 4041 1746 4084 coumnt

598 4119 636 4171 du
662 4119 733 4171 mois
755 4117 791 4171 de
820 4118 976 4170 novembre
1002 4118 1078 4183 1069;
1106 4116 1165 4169 cela
1190 4116 1295 4169 results
1318 4116 1354 4168 de
1378 4116 1405 4168 la
1428 4117 1493 4168 date
1514 4117 1550 4168 de
1573 4131 1625 4169 son
1647 4116 1743 4181 dece,

599 4220 630 4269 ²4
651 4206 801 4259 decembre
821 4206 893 4272 1069,
921 4221 984 4273 voy.
1011 4204 1175 4278 cidessous‚
1197 4202 1346 4256 combInc'e
1367 4219 1435 4256 avec
1451 4202 1478 4255 la
1494 4203 1665 4264 successim,
1683 4206 1744 4258 tres
1775 4221 1812 4272 30

599 4294 703 4362 rapide,
717 4294 767 4345 des
778 4293 908 4360 opisodes
925 4292 1060 4344 cidessus
1078 4291 1217 4343 raconres.
1236 4289 1291 4341 Sur
1304 4299 1365 4342 tout
1378 4305 1410 4341 ce
1421 4290 1548 4358 chapitre
1564 4289 1600 4342 de
1615 4289 1642 4342 lu
1658 4289 1746 4343 Chro-

598 4382 686 4448 nique,
710 4396 748 4432 on
772 4382 823 4432 lira
848 4379 997 4431 utilement
1015 4378 1124 4430 bisunu
1144 4390 1201 4429 von·
1222 4379 1356 4439 Ksounu,
1375 4394 1451 4430 outo.
1469 4378 1528 4437 citt,
1547 4384 1567 4427 t.
1588 4376 1611 4438 1,
1630 4392 1678 4444 pp.
1691 4375 1743 4446 635

596 4477 625 4518 et
636 4469 709 4519 suiv.

632 4562 641 4588 ¹
660 4553 701 4605 Le
722 4563 819 4604 retour
839 4553 875 4604 de
894 4551 1050 4605 GodeIroid
1074 4552 1101 4603 Ie
1127 4551 1219 4604 Barbu
1243 4567 1278 4602 au
1303 4567 1371 4619 pays
1394 4551 1469 4603 natal
1492 4558 1535 4603 est
1554 4549 1653 4619 I'objet
1672 4550 1744 4605 d’un

596 4641 714 4692 curieux
726 4639 964 4706 de'veloppement
976 4639 1146 4707 legendaire,
1159 4640 1228 4692 dans
1240 4639 1384 4701 Joconus,
1401 4639 1426 4690 T
1422 4638 1553 4691 tanslatio
1565 4638 1595 4691 S.
1609 4638 1739 4700 Smtii,
1773 4661 1808 4715 35

597 4742 621 4778 c.
637 4727 678 4791 56,
697 4725 812 4789 trull,
832 4725 895 4781 SS„
918 4737 937 4776 r.
951 4725 1015 4788 xll,
1035 4743 1062 4793 p.
1081 4739 1142 4790 ¹¹53
1163 4726 1182 4777 il
1200 4735 1242 4777 est
1263 4725 1349 4776 relate
1366 4727 1450 4788 aussi,
1464 4724 1593 4778 avecdes
1606 4725 1743 4780 menoti-

596 4813 679 4865 tudes
690 4812 936 4881 chronologiques,
949 4829 997 4880 par
1011 4813 1119 4874 Belum,
1130 4813 1177 4864 Ad
1187 4813 1352 4864 Ileinricum
1364 4811 1383 4863 I
1387 4811 1611 4879 l'imperalorem,
1621 4811 1673 4865 Iib.
1687 4812 1741 4878 111,

598 4916 623 4953 c.
640 4898 806 4960 io,Mt1'II.,
821 4899 886 4963 58„
899 4907 918 4950 t.
934 4898 983 4961 XI,
997 4916 1025 4967 p.
1039 4899 1097 4951 626.

630 4993 641 5032 ³
659 4985 763 5039 I'salm.
778 4984 963 5048 LXXXVIII,
976 5003 1004 5041 v.
1022 5001 1058 5038 ιο.
