4450 6125
783 868 786 872 A
834 888 989 969 Sancti
1019 888 1230 970 Huberti.
1539 890 1613 968 115

474 1187 572 1268 prius
590 1186 785 1266 explorare,
803 1185 831 1248 si
847 1187 1054 1248 concedente
1070 1186 1192 1249 abbate
1208 1185 1436 1261 adalberone,
1452 1185 1494 1247 ad
1512 1185 1617 1248 Sanc·

473 1299 552 1351 tum
574 1287 772 1369 Remigium
791 1287 999 1349 consentiret
1017 1286 1145 1358 venire,
1165 1296 1199 1349 et
1218 1296 1300 1348 tunc
1318 1285 1463 1348 demum
1483 1304 1523 1348 ex
1542 1288 1617 1366 ejus

474 1404 641 1451 consensu
663 1386 796 1448 litteras
816 1404 877 1449 sue
906 1386 1081 1465 petitionis
1106 1404 1169 1466 pro
1190 1403 1229 1447 eo
1252 1386 1368 1448 abbati
1390 1396 1614 1464 presentaret.

477 1489 682 1553 Lambertus
704 1486 746 1549 de
768 1487 933 1550 mandato
952 1486 1131 1549 consultus
1151 1486 1344 1566 respondit,
1367 1505 1403 1548 se
1421 1504 1482 1549 sue
1503 1494 1615 1568 potes·

431 1610 447 1662 5
475 1590 555 1653 tatis
571 1606 639 1651 non
655 1606 738 1662 esse,
751 1605 792 1649 ex
803 1606 970 1651 consensu
986 1605 1067 1649 vero
1081 1587 1306 1649 adalberonis
1322 1596 1482 1666 paratum
1498 1606 1532 1650 se
1546 1607 1617 1670 quo

476 1692 673 1754 mitteretur
688 1690 748 1751 ire.
763 1688 819 1752 Sic
834 1689 976 1750 redditis
991 1688 1233 1766 deprecatoriis
1249 1707 1310 1768 pro
1326 1689 1511 1750 Lamberto
1526 1689 1617 1752 litte·

474 1794 532 1866 ris,
549 1791 720 1854 Adalbero
738 1789 830 1871 quod
853 1792 1035 1869 petebatur
1054 1789 1245 1863 exhorruit,
1263 1807 1416 1851 asserens
1436 1790 1470 1850 id
1492 1808 1527 1852 se
1547 1809 1617 1853 uon

474 1910 687 1973 presumere,
705 1890 770 1955 nisi
785 1909 826 1952 ex
842 1891 1042 1953 Theoderici
1057 1891 1191 1953 abbatis
1205 1891 1383 1952 voluntate
1398 1902 1424 1964 ⁶,
1441 1891 1501 1972 qui
1516 1891 1618 1954 illum

474 1993 538 2056 sibi
568 1992 791 2055 commiserat
822 1992 1039 2054 reddendum
1068 1992 1204 2054 ecclesie
1233 2009 1303 2054 sue.
1334 1992 1475 2054 Interim
1501 2002 1618 2054 tamen

415 2116 449 2153 ιο
474 2093 613 2168 dubius,
636 2110 681 2154 an
703 2093 905 2172 petitionem
927 2100 1021 2153 tante
1045 2093 1182 2154 ecclesie
1206 2092 1349 2154 omnino
1370 2091 1549 2165 refelleret,
1575 2111 1619 2154 an

474 2194 672 2274 depositum
701 2192 765 2255 sibi
801 2193 1027 2254 Lambertum
1056 2194 1097 2254 ad
1130 2212 1192 2255 sua
1225 2193 1433 2267 remitteret,
1467 2194 1510 2255 ad
1544 2211 1617 2255 rem

473 2296 689 2358 tractandam
711 2294 865 2356 indutias
887 2293 1002 2374 petiit,
1025 2305 1059 2356 et
1080 2294 1174 2356 diem
1195 2294 1237 2355 ad
1260 2313 1294 2356 se
1318 2294 1484 2356 redeundi
1505 2296 1619 2378 legato

472 2395 667 2459 constituit.
700 2396 800 2476 Cepit
837 2395 966 2457 interea
998 2403 1231 2474 pertemptare
1270 2394 1495 2457 lambertum
1534 2396 1617 2477 quid

477 2496 604 2573 mallet,
617 2505 652 2558 et
665 2496 808 2566 hortari,
823 2503 862 2557 ut
876 2512 911 2557 se
926 2495 1121 2556 excusando
1135 2495 1185 2556 illi
1200 2495 1292 2576 quod
1308 2497 1492 2557 verebatur
1507 2496 1618 2557 absol-

413 2623 443 2673 ¹5
475 2606 580 2660 reret.
602 2597 787 2659 Lamberto
806 2598 841 2656 in
864 2595 969 2676 priori
990 2596 1160 2657 sententia
1181 2596 1395 2675 persistente,
1416 2595 1544 2658 scilicet
1563 2596 1618 2658 sui

473 2713 510 2758 se
528 2696 663 2758 arbitrii
684 2713 752 2756 non
772 2713 861 2769 esse,
886 2695 1076 2775 preciperet
1099 2696 1172 2775 ipse
1198 2696 1289 2776 quod
1314 2696 1431 2771 vellet,
1455 2704 1618 2777 paratum

473 2819 510 2863 se
536 2799 586 2860 illi
610 2797 759 2870 obedire,
787 2797 958 2859 Adalbero
982 2797 1094 2879 exegit
1122 2798 1165 2858 ab
1190 2816 1230 2859 eo
1253 2797 1499 2868 conditionem,
1523 2798 1616 2881 quod

473 2898 700 2963 remandatus
714 2916 733 2959 a
748 2896 957 2959 Theoderico
972 2899 1094 2960 abbate
1109 2899 1183 2960 sine
1197 2899 1417 2961 excusatione
1431 2910 1469 2961 ut
1479 2917 1564 2962 suus
1575 2901 1616 2960 ad

473 3020 558 3066 eum
579 2999 718 3075 rediret,
739 3008 773 3060 et
791 2998 828 3061 in
848 2999 922 3075 ejus
941 2997 1066 3079 placito
1085 3017 1120 3061 se
1139 2999 1282 3061 omnino
1301 3008 1493 3080 reponeret,
1516 3000 1619 3061 dimi·

409 3132 445 3168 ιο
474 3105 588 3185 sitque
607 3119 689 3164 eum
708 3103 749 3162 ad
772 3099 941 3180 prefixum
956 3100 1060 3174 diem,
1079 3101 1190 3182 legato
1205 3100 1320 3163 Sancti
1338 3101 1486 3183 Remigii
1502 3121 1566 3182 pro
1580 3119 1620 3165 eo

474 3205 652 3265 redeunte.
675 3201 733 3263 llle
752 3202 863 3284 gratia
891 3201 948 3264 Dei
973 3202 1116 3263 honeste
1141 3201 1311 3264 deductus
1334 3211 1369 3264 et
1392 3202 1621 3265 amicabiliter

473 3312 656 3383 exceptus,
679 3302 793 3380 jussus
812 3310 862 3362 est
881 3300 1018 3363 ecclesie
1041 3301 1240 3364 scolasticus
1264 3303 1398 3377 haberi,
1421 3320 1490 3363 non
1511 3304 1623 3366 multo

475 3412 556 3485 post
583 3404 712 3466 electus
739 3413 773 3464 et
802 3402 1012 3464 constitutus
1041 3420 1133 3464 unus
1161 3421 1201 3464 ex
1229 3414 1364 3482 septem
1391 3404 1625 3467 cardinalibus

476 3503 618 3584 majoris
636 3502 764 3566 altaris.
783 3503 938 3585 Dignitas
957 3504 1064 3583 hujus
1077 3504 1210 3565 ordinis
1225 3502 1361 3566 firmata
1376 3516 1427 3567 est
1442 3506 1624 3587 privilegio

412 3635 444 3686 25
479 3608 637 3670 Romano
653 3606 663 3633 ¹
678 3606 791 3667 eidem
806 3604 944 3667 ecclesie
959 3622 979 3665 a
993 3605 1123 3666 domno
1144 3606 1257 3667 Leone
1272 3623 1372 3685 papa,
1389 3605 1530 3687 quando
1545 3624 1623 3668 eam

510 3843 537 3880 a.
555 3826 704 3879 volontate
716 3826 753 3876 A.

515 4168 523 4195 ¹
542 4160 623 4213 Voici
634 4160 662 4211 le
674 4167 753 4211 texte
769 4158 804 4210 de
820 4158 846 4209 la
864 4157 941 4209 bulle
958 4158 993 4208 de
1010 4157 1089 4209 Leon
1103 4157 1152 4220 IX,
1170 4157 1238 4209 dont
1255 4159 1334 4225 parle
1353 4159 1388 4209 ici
1405 4158 1432 4209 la
1451 4158 1623 4225 Clrronique,·

481 4245 536 4297 elle
546 4254 589 4298 est
601 4246 695 4298 editoe
707 4260 757 4312 par
769 4244 908 4306 Mamor,
921 4243 1077 4313 Metropolis
1087 4243 1227 4294 Remensis
1239 4243 1374 4306 Historia,
1390 4252 1411 4296 t.
1425 4243 1462 4309 11,
1475 4260 1523 4311 pp.
1536 4257 1581 4309 107
1595 4252 1624 4304 et

483 4332 553 4384 suiv.
566 4331 620 4383 Leo
627 4331 778 4395 Episcopus
788 4346 882 4380 servus
892 4346 1031 4381 seruorum
1041 4329 1097 4380 Dei
1105 4329 1255 4380 Herimaro
1267 4328 1355 4379 abbati
1364 4336 1389 4379 et
1399 4332 1475 4380 omni
1484 4346 1625 4397 congrega·

426 4439 458 4488 30
485 4422 550 4471 troni
559 4418 751 4471 monachorum
763 4418 860 4468 Sancti
869 4417 991 4484 Remigii
1001 4423 1158 4484 perpetuam
1168 4416 1290 4468 salutem.
1304 4417 1425 4467 Divinae
1438 4416 1561 4468 bonitatis
1572 4434 1624 4468 non

486 4508 622 4558 immemor
633 4513 658 4557 et
669 4508 803 4572 ingratus,
818 4521 884 4572 quae
900 4521 950 4555 sua
965 4506 1056 4571 gratia
1073 4503 1254 4555 humilitatem
1267 4520 1353 4554 meam
1366 4506 1394 4554 in
1406 4505 1464 4555 sede
1473 4505 1498 4555 A
1500 4504 1626 4571 postoliea

485 4600 587 4644 sanctae
602 4592 743 4645 Romanae
757 4591 892 4642 Ecclesiae
906 4590 1069 4648 sublimauit,
1085 4608 1118 4641 ne
1133 4607 1190 4642 mea
1208 4590 1368 4657 negligentia
1385 4591 1455 4642 milri
1469 4591 1623 4649 discrimen,

485 4678 655 4731 ecelesiarum
672 4685 762 4729 autem
773 4678 865 4744 saciat
881 4680 1003 4735 ruinam,
1027 4677 1148 4728 ecclesias
1167 4694 1233 4745 quae
1253 4685 1340 4728 nostro
1355 4677 1526 4742 Apostolatui
1539 4677 1628 4742 subja-

488 4772 546 4815 cent
561 4764 688 4817 catholice
704 4765 839 4821 ordinare,
858 4780 947 4831 regere
962 4772 986 4814 et
1003 4764 1151 4821 emendare,
1172 4780 1286 4814 necnon
1302 4763 1454 4830 Apostolica
1471 4765 1628 4814 auctoritate

428 4874 443 4924 3
448 4874 461 4924 5
490 4853 623 4903 immunes
638 4858 664 4902 et
678 4849 774 4902 liberas
782 4852 877 4917 jacere
890 4852 1027 4918 proposui,
1039 4852 1065 4901 si
1081 4849 1178 4900 Sancti
1194 4849 1314 4916 Spiritus
1329 4848 1457 4917 benignus
1463 4849 1548 4914 favor
1559 4848 1630 4899 milri

490 4939 626 4992 annuerit.
642 4935 720 4989 Unde
728 4954 761 4988 ex
772 4936 854 4988 debito
869 4938 955 4988 nostri
964 4936 1135 5004 Apostolatus
1147 4941 1209 5006 post
1223 4935 1328 5004 aliquas
1344 4935 1475 4999 eeclesias,
1494 4951 1559 5002 quas
1574 4934 1629 4984 nelo
