4450 6125
864 888 1019 972 Sancti
1054 889 1268 973 Hubertc'.
1584 919 1637 1001 29

495 1193 641 1275 pedibus
660 1204 693 1255 et
719 1193 879 1254 manibus
902 1201 936 1252 et
958 1187 1137 1252 refectione
1162 1187 1343 1250 sufficienti
1369 1186 1537 1265 impensa,
1557 1185 1639 1247 satis

497 1295 676 1357 humiliter
702 1304 883 1375 tamquam
910 1291 1049 1354 Christo
1074 1309 1108 1351 se
1134 1291 1182 1351 eis
1209 1289 1398 1350 interram
1432 1288 1636 1366 prostrabat.

498 1393 671 1455 Vilissimo
686 1401 805 1466 strato,
825 1391 1017 1472 superjecto
1032 1388 1154 1464 cilicio,
1174 1388 1356 1470 paululum
1373 1387 1579 1468 quiescebat,
1599 1404 1639 1447 ex

499 1512 569 1574 quo
582 1493 727 1555 latenter
743 1511 887 1574 surgens
902 1509 1104 1553 communes
1120 1490 1252 1571 vigilias
1267 1506 1403 1569 semper
1416 1488 1638 1567 anticipabat,

456 1621 469 1673 5
500 1595 617 1676 sicque
644 1593 941 1675 genuflexionibus
973 1602 1007 1653 et
1037 1591 1250 1653 orationibus
1281 1607 1361 1651 curn
1394 1588 1544 1650 lacrimis
1562 1589 1641 1648 -Deo

499 1697 652 1775 seipsum
672 1697 853 1757 mactabat.
872 1701 1022 1768 Quadam
1043 1710 1155 1752 autem
1177 1709 1276 1751 nocte
1297 1714 1368 1750 cum
1387 1697 1451 1750 illo
1472 1714 1531 1749 suo
1550 1713 1641 1749 more
1694 1701 1758 1751 Vita

499 1794 640 1863 vigilias
663 1797 860 1862 anticipans
888 1797 1041 1848 orationi
1064 1796 1291 1858 incumberet,
1317 1811 1394 1846 ecce
1419 1796 1451 1845 in
1476 1794 1640 1845 similitu·
1663 1767 1790 1844 ThPOde'

499 1881 579 1932 dine
599 1897 700 1933 cerve
721 1882 882 1934 diabolus
903 1884 934 1934 ei
955 1883 1054 1934 affuit
1075 1893 1107 1933 et
1128 1882 1297 1934 orationis
1319 1883 1390 1948 ejus
1410 1882 1639 1932 intentionem
1678 1850 1773 1967 13}ch

499 1967 598 2033 pulsu
629 1968 749 2034 pedum
779 1970 978 2036 inquietare
1005 1970 1106 2036 cepit.
1137 1968 1202 2020 llle
1224 1983 1341 2018 revera
1367 1983 1497 2018 cervam
1520 1968 1639 2018 existi·

439 2074 469 2110 ro
500 2068 590 2105 mans
628 2069 699 2104 cum
745 2055 984 2123 indignatione
1029 2056 1196 2116 surrexit,
1240 2062 1488 2120 perspecturus
1526 2061 1638 2104 utrum

499 2140 643 2191 claustri
665 2143 791 2192 ostium
812 2141 1032 2210 negligenter
1052 2150 1208 2207 apertum
1230 2156 1306 2191 sero
1327 2141 1558 2204 remansisset,
1580 2153 1640 2205 per

499 2226 587 2293 quod
608 2227 721 2278 eadem
745 2243 845 2279 cerva
866 2236 1039 2280 nocturno
1062 2243 1180 2279 errore
1203 2237 1276 2278 acta
1304 2226 1368 2277 illo
1396 2226 1578 2277 introisset
1601 2225 1640 2276 de

500 2313 653 2380 proxima
695 2314 796 2365 silva.
839 2314 946 2366 Cerva
986 2325 1123 2366 euntem
1164 2315 1261 2365 modo
1300 2314 1501 2380 precedens,
1542 2313 1640 2364 modo

501 2399 715 2467 subsequens
740 2402 905 2453 acerrime
939 2401 1143 2467 impetebat,
1172 2401 1281 2452 donec
1311 2410 1454 2468 uterque
1481 2401 1575 2452 venit
1602 2401 1640 2451 ad

441 2508 469 2558 15
501 2485 646 2538 claustri
679 2488 828 2554 januam,
859 2505 924 2556 que
958 2488 1149 2557 diligenter
1183 2496 1256 2538 erat
1291 2486 1463 2538 obserata.
1494 2486 1639 2536 Tandem

500 2572 601 2624 abbas
628 2573 892 2640 obstupefactus
920 2577 1063 2626 horrore
1088 2573 1263 2625 diabolice
1290 2571 1546 2633 insectationis,
1567 2586 1639 2622 cum

500 2658 625 2710 erectis
642 2660 679 2711 ad
700 2658 804 2712 Deum
824 2660 937 2712 oculis
956 2661 1088 2728 signum
1109 2668 1226 2710 sancte
1246 2660 1359 2710 crucis
1377 2658 1430 2709 illi
1451 2666 1640 2725 opponeret

500 2754 642 2807 dicens:
667 2747 748 2808 Ecce
769 2766 898 2808 crucem
921 2749 1070 2819 Domini,
1094 2747 1202 2824 fugile
1225 2752 1333 2823 partes
1347 2747 1497 2807 adverse!
1519 2746 1540 2818 ¹,
1569 2768 1641 2804 cum

501 2857 595 2900 tanto
627 2848 778 2914 strepitu
813 2847 972 2899 diabolus
1008 2848 1162 2907 evanuit,
1199 2856 1234 2897 ut
1267 2861 1364 2898 omne
1397 2848 1640 2898 dormitorium

439 2948 472 2984 20
501 2935 656 2997 fratrum,
674 2935 736 2987 sub
753 2950 818 3001 quo
837 2943 919 2985 tunc
939 2935 1094 3000 predicta
1111 2934 1212 3000 janua
1230 2943 1302 2984 erat
1318 2942 1340 2991 ²,
1357 2935 1534 2985 videretur
1551 2936 1638 2986 erui.

499 3021 568 3075 Neo
590 3021 700 3074 multo
723 3029 800 3088 post
823 3021 898 3074 dum
925 3020 1036 3073 lassus
1065 3020 1196 3073 crebris
1223 3019 1534 3090 genuflexionibus
1562 3029 1642 3073 ante

501 3110 605 3176 majus
636 3109 745 3161 altare
774 3109 866 3160 circa
896 3109 1038 3160 mediam
1069 3117 1205 3160 noctem
1236 3117 1432 3174 prostratus
1464 3116 1579 3160 oraret
1611 3121 1640 3171 ⁶,

500 3204 641 3263 repente
662 3197 805 3247 maxima
826 3194 883 3245 lux
901 3211 961 3261 per
980 3204 1085 3247 totam
1104 3195 1285 3246 ecclesiam
1306 3196 1432 3247 celitus
1450 3197 1591 3247 emicuit
1608 3204 1641 3247 et

500 3298 565 3334 cum
583 3283 596 3322 b
611 3299 682 3349 ipsa
700 3282 776 3334 luce
794 3282 952 3334 columba
972 3284 1056 3333 mire
1074 3282 1324 3349 pulcritudinis
1342 3298 1508 3348 apparens
1524 3297 1641 3334 omnes

439 3382 469 3432 ²5
502 3367 645 3419 basilice
670 3367 814 3436 angulos
841 3367 1023 3419 lustrando
1053 3368 1236 3434 pervolare
1262 3370 1362 3434 cepit.
1384 3367 1456 3434 Que
1476 3384 1549 3420 cum
1573 3369 1641 3419 sin-

500 3454 578 3523 gula
601 3463 796 3506 sanctorum
823 3453 948 3504 altaria
976 3454 1059 3505 letis
1085 3454 1213 3506 alarum
1241 3454 1418 3522 plausibus
1442 3464 1475 3506 et
1500 3456 1638 3523 quadam

500 3555 558 3591 sue
578 3540 671 3591 vocis
697 3539 882 3592 dulcedine
910 3540 1081 3607 hylariter
1106 3540 1305 3603 salutasset,
1334 3551 1510 3607 postremo
1536 3541 1606 3592 leni
1628 3555 1640 3582 c

501 3626 616 3677 volatu
640 3626 857 3697 allapsalquo
878 3626 1089 3678 venerabilis
1112 3628 1165 3679 vir
1181 3628 1313 3695 jacebat
1331 3630 1459 3680 tamdiu
1479 3644 1640 3695 superse-

500 3713 564 3775 dit,
579 3713 683 3764 donec
701 3713 851 3779 pulsatis
867 3712 1000 3781 vigiliis
1016 3729 1088 3763 cum
1107 3715 1261 3780 predicta
1280 3714 1357 3766 luce
1377 3716 1550 3767 subtracta
1573 3715 1640 3767 dis-

436 3812 471 3861 30
499 3800 630 3865 paruit.
651 3797 748 3865 Quod
769 3815 841 3850 cum
864 3798 988 3850 fratres
1009 3799 1064 3865 qui
1087 3799 1119 3849 in
1142 3800 1296 3851 custodia
1318 3802 1516 3852 monasterii
1540 3817 1640 3852 excu-

500 3885 625 3938 babant
645 3886 816 3938 vidissent
834 3886 912 3936 etin
929 3886 1116 3936 crastinum
1133 3885 1247 3937 abbati
1266 3888 1360 3954 quasi
1379 3888 1549 3940 nescienti
1567 3904 1638 3939 cum

531 4107 558 4138 a.
577 4098 701 4141 orareret
712 4090 750 4143 A.
764 4119 797 4127 -
813 4089 836 4141 b.
850 4098 985 4140 ettamen
998 4090 1039 4151 Α;
1059 4090 1111 4155 csr.
1133 4089 1191 4140 Vita
1207 4089 1367 4153 Theoderici,
1384 4103 1414 4155 27
1430 4106 1437 4142 z
1455 4099 1482 4141 et
1499 4105 1563 4141 cum
1577 4090 1640 4142 luce

495 4175 557 4242 ipsa
567 4174 676 4227 avicula
688 4176 856 4243 quaedam...
871 4204 901 4213 -
913 4193 936 4229 c.
950 4176 1007 4229 levi
1020 4177 1058 4235 A.
1072 4184 1096 4227 ct
1107 4177 1147 4245 A,
1155 4193 1161 4236 ;
1175 4177 1226 4243 csr.
1248 4177 1306 4227 Vita
1322 4177 1482 4238 Theoderici,
1497 4191 1538 4241 ²7·

535 4510 543 4537 ¹
562 4501 814 4555 Commencement
834 4504 869 4555 de
889 4504 916 4555 la
937 4512 963 4568 3⁰
979 4505 1113 4555 antienne
1132 4504 1167 4555 de
1185 4503 1286 4556 l'office
1304 4504 1339 4555 de
1356 4502 1539 4555 l'Exaltation
1559 4504 1595 4554 de
1614 4502 1640 4553 la

427 4603 444 4653 3
447 4602 464 4653 5
497 4586 596 4640 Salute
607 4587 705 4655 Croix,
720 4604 749 4652 14
761 4590 922 4657 septembre
929 4607 936 4652 ;
954 4590 980 4641 la
992 4592 1066 4642 suite
1078 4591 1116 4642 du
1129 4599 1206 4642 texte
1218 4599 1260 4642 est
1274 4604 1281 4641 :
1302 4590 1369 4641 Vicit
1382 4589 1420 4640 leo
1432 4590 1462 4640 dc
1474 4589 1545 4641 tribu
1559 4588 1639 4652 Iuda,

493 4675 581 4726 radix
591 4675 692 4738 Dauid,
704 4676 823 4728 alleluia.

535 4768 544 4795 ²
563 4761 590 4812 A
605 4766 777 4829 rapprocher
788 4764 825 4815 du
840 4763 954 4814 miracle
969 4764 1238 4832 vingt-quatrieme:
1257 4765 1286 4812 in
1303 4780 1409 4814 comm
1426 4762 1473 4813 sub
1489 4763 1642 4813 dormitorio

486 4847 621 4915 fratrum
638 4863 704 4915 quac
716 4850 887 4918 postcaj'acia
899 4856 937 4900 cst
947 4850 1041 4900 domus
1052 4849 1234 4915 infirmorum,
1248 4848 1314 4901 AA.
1329 4848 1391 4911 SS.,
1402 4858 1422 4901 t.
1433 4849 1469 4900 1⁰¹
1479 4849 1514 4900 de
1526 4864 1641 4901 novem-

497 4934 562 4995 bre,
576 4948 604 5000 p.
618 4934 644 4985 8.
