4450 6125
858 880 1013 963 Sancti
1041 880 1252 963 Habenti.
1562 878 1635 987 167

497 1177 632 1240 chrici
655 1177 744 1257 regis
760 1179 795 1239 in
811 1178 946 1240 civitate
967 1189 1160 1257 susceptus,
1177 1195 1291 1241 cuma
1310 1178 1509 1241 Treverensi
1524 1177 1637 1257 ponti·

496 1279 556 1345 fiee
569 1281 721 1346 benedici
734 1281 855 1345 vitaret
869 1283 889 1355 ¹,
904 1282 1046 1363 eoquod
1060 1280 1117 1343 ille
1130 1281 1308 1354 uniberto,
1322 1283 1394 1361 ipse
1406 1299 1487 1344 vero
1499 1281 1637 1345 Urbano

494 1381 713 1456 consentiret.
729 1382 881 1445 evocavit
902 1382 946 1444 ad
968 1399 1004 1443 se
1025 1382 1296 1445 consecrandum
1321 1382 1502 1464 Hugonem
1524 1384 1635 1444 archi·

495 1482 696 1562 episcopum
723 1482 1010 1562 Lugdunensium
1045 1491 1079 1543 et
1116 1481 1267 1562 legatum
1298 1483 1435 1545 ecclesie
1469 1482 1632 1545 Romane.

451 1607 465 1659 5
497 1583 608 1664 HugO.
626 1590 665 1646 ut
679 1592 752 1644 erat
767 1583 910 1645 devotus
925 1581 1090 1645 catholice
1106 1581 1197 1651 fidei,
1215 1581 1516 1645 Mediomatricum
1532 1584 1634 1644 intre·

494 1683 597 1764 pidus
611 1683 759 1756 accessit,
776 1683 929 1764 quinque
943 1682 1129 1745 comitatus
1147 1682 1322 1763 episcopis,
1339 1683 1591 1746 Constantiensi
1608 1684 1629 1755 ²,

491 1985 624 2052 pendant,
636 1984 672 2035 de
686 1982 808 2035 Bernold
821 1983 857 2034 de
869 1982 1039 2045 Constance;
1055 2001 1121 2051 voy.
1131 1985 1293 2047 cidessous,
1303 1999 1356 2036 n.2
1370 1996 1398 2036 et
1411 2001 1438 2054 p.
1453 1998 1508 2050 170,
1519 2001 1547 2037 n.
1560 2002 1583 2037 a.
1596 1986 1630 2037 Je

491 2087 577 2139 pense
592 2070 666 2123 donc
682 2085 737 2137 que
755 2069 900 2122 Burchard
917 2081 945 2121 et
964 2070 1081 2137 Poppon
1099 2082 1164 2124 sont
1178 2088 1215 2123 un
1227 2072 1287 2125 seul
1300 2083 1328 2123 et
1342 2074 1433 2123 meme
1445 2088 1629 2141 personnage.

490 2157 581 2225 Poppo
598 2158 685 2223 parsit
702 2158 762 2207 etre
780 2157 871 2207 moins
889 2172 926 2207 un
944 2158 1002 2208 vrai
1020 2173 1085 2208 nom
1104 2173 1207 2225 propre
1226 2159 1330 2226 qu’une
1346 2157 1518 2225 appellation
1536 2158 1630 2210 enfan-

430 2262 462 2298 ιο
489 2246 557 2305 tine,
568 2260 634 2312 voy.
646 2243 857 2305 Fonsrsunuu,
868 2243 1050 2294 Altdeutscties
1060 2244 1245 2308 Namenbuch,
1257 2254 1291 2295 νο
1301 2245 1365 2297 Boo.
1376 2246 1469 2312 Qu'on
1483 2262 1630 2313 remarquc

487 2333 598 2385 ensuite
614 2331 731 2383 i'accord
749 2331 799 2382 des
814 2331 888 2382 deux
904 2333 1198 2399 chroniqueurs.p0ur
1210 2332 1287 2395 faire,
1300 2334 1338 2385 du
1351 2349 1514 2385 successeur
1528 2333 1629 2385 d'Her·

487 2434 559 2480 man,
573 2433 610 2469 un
620 2417 695 2469 clerc
703 2418 738 2470 de
747 2417 854 2469 Treves
866 2428 893 2469 et
907 2433 944 2468 un
957 2419 1116 2485 gregorien.
1127 2418 1191 2485 Que
1203 2419 1258 2471 i'on
1272 2420 1418 2472 considere
1430 2419 1505 2471 enfin
1519 2436 1574 2486 que
1588 2421 1628 2472 les

483 2504 603 2558 doubles
619 2519 701 2556 noms
717 2519 753 2555 ne
769 2515 833 2554 sont
850 2519 898 2569 pas
916 2519 971 2555 une
988 2505 1078 2556 rarete
1094 2508 1109 2556 t
1126 2515 1201 2557 cette
1217 2506 1339 2572 epoque;
1354 2515 1436 2558 outre
1454 2505 1495 2558 les
1512 2507 1628 2572 simplos

483 2589 643 2644 diminutiis
653 2606 660 2641 :
672 2589 771 2641 llecclo
781 2605 853 2657 pour
864 2590 1011 2650 chricns,
1024 2590 1116 2641 Goulo
1125 2607 1198 2658 pour
1210 2591 1378 2657 Godesridus,
1389 2591 1546 2643 Roscclinus
1555 2608 1628 2659 pour

425 2692 434 2728 i
441 2692 453 2741 5
485 2678 616 2744 Rogcrus,
627 2676 708 2727 Dnda
718 2691 790 2742 pour
799 2675 875 2726 Actis
885 2676 1015 2740 (Adele),
1029 2692 1100 2727 nous
1110 2692 1219 2743 voyons
1228 2678 1277 2728 des
1287 2678 1417 2729 vocables
1428 2678 1626 2730 radicalement

382 2778 387 2786 “
483 2764 630 2816 differents
646 2763 784 2815 attribues
800 2767 815 2813 a
833 2764 858 2814 la
876 2766 967 2815 meme
986 2779 1135 2830 personne.
1151 2765 1231 2815 Ainsi
1244 2765 1285 2815 les
1296 2774 1404 2816 comtes
1415 2764 1451 2815 de
1462 2765 1626 2817 &and-Pri

482 2867 516 2902 au
531 2850 582 2902 XI·
592 2850 677 2903 siecle
688 2858 801 2916 portent
815 2850 1046 2901 simultanement
1060 2850 1101 2901 les
1114 2866 1196 2901 noms
1208 2851 1243 2902 de
1253 2849 1423 2910 Ilescelinus,
1436 2851 1624 2911 Hermannus‚

484 2938 650 2996 Hildradus;
666 2952 730 3003 voy.
742 2936 1011 2997 annuartiunsns,
1022 2952 1097 2988 onor.
1108 2939 1167 2998 citt,
1179 2948 1199 2989 t.
1211 2936 1248 2998 11,
1261 2953 1287 3003 p.
1301 2939 1357 3002 387.
1372 2936 1427 2989 Sur
1438 2937 1580 2991 l'election
1589 2940 1625 2991 de

483 3020 767 3088 Poppon·Burchard‚
778 3036 832 3087 peu
845 3020 880 3072 de
893 3032 985 3088 temps
997 3024 1078 3088 apres
1091 3022 1118 3073 le
1129 3022 1212 3074 dec'es
1223 3021 1389 3083 d'Herman‚
1401 3040 1415 3084 4
1426 3025 1480 3075 mai
1493 3038 1565 3089 1090,
1577 3041 1625 3076 sur

419 3122 453 3160 ιο
481 3109 508 3161 le
520 3109 586 3176 long
600 3109 692 3161 retard
704 3109 740 3161 de
756 3124 785 3159 sa
801 3108 995 3160 consecration
1008 3119 1035 3159 ct
1050 3110 1231 3176 l'opposition
1244 3111 1342 3163 deson
1355 3112 1544 3178 compititeur
1557 3114 1623 3163 hen·

481 3198 578 3257 ricien‚
593 3195 765 3256 Adalberon,
778 3195 813 3246 de
827 3197 919 3247 meme
933 3211 988 3262 que
1006 3211 1053 3246 sur
1067 3196 1229 3264 l'episcopat
1242 3197 1277 3249 de
1292 3197 1418 3263 Poppon,
1433 3214 1497 3265 roy.
1512 3197 1620 3250 birras

479 3295 537 3335 rou
551 3281 690 3343 Ks'ounc,
702 3298 777 3332 onor.
791 3284 850 3343 citt,
865 3290 884 3333 t.
901 3281 948 3340 IV,
963 3298 1009 3349 pp.
1025 3283 1145 3347 28o287,
1158 3298 1206 3344 4ο4
1221 3294 1247 3334 et
1261 3286 1348 3338 suisn:
1364 3296 1383 3337 t.
1398 3285 1431 3347 V,
1446 3302 1493 3352 pp.
1509 3300 1521 3350 7
1534 3297 1562 3337 et
1576 3289 1617 3351 58.

512 3377 518 3403 ¹
539 3367 603 3420 Une
616 3368 699 3419 lettre
711 3366 848 3419 d’Urbain
864 3367 899 3428 11,
912 3367 1067 3429 Benevent,
1081 3376 1117 3418 1⁰¹
1127 3368 1238 3429 sei'rier,
1248 3385 1312 3421 sans
1325 3370 1477 3424 indication
1490 3372 1617 3434 d’annee,

475 3460 490 3507 a
516 3454 639 3515 Lamon,
663 3454 735 3506 abbe
758 3454 794 3506 de
818 3453 1043 3515 saint-Vincent,
1073 3454 1174 3516 Raoul,
1201 3455 1272 3508 abbe
1297 3457 1332 3508 de
1359 3456 1561 3522 saint-Venno,
1588 3473 1616 3512 et

415 3550 445 3601 ²5
477 3543 650 3605 Adalberom
671 3543 824 3610 primicier,
843 3540 979 3593 confirnie
997 3541 1137 3593 l'election
1156 3543 1194 3593 du
1212 3559 1375 3595 successeur
1392 3545 1475 3611 (dont
1494 3546 1549 3598 elle
1566 3550 1616 3598 tait

475 3629 502 3680 le
521 3630 603 3694 nom)
621 3627 657 3680 de
678 3627 814 3680 Hermen.
835 3627 899 3678 Elle
917 3628 976 3678 vise
994 3628 1114 3688 ensuite,
1134 3643 1198 3678 sans
1217 3627 1243 3678 le
1264 3643 1402 3689 nommer,
1421 3629 1615 3698 l'arches·eque

473 3715 619 3767 henricicn
631 3714 666 3765 de
679 3713 794 3773 Tretos,
811 3713 947 3782 Egilbert.
961 3713 1029 3765 dont
1043 3714 1121 3779 parle
1134 3725 1216 3765 notre
1231 3715 1382 3784 tironique
1397 3734 1406 3764 .·
1417 3716 1617 3769 Prnedecessort

471 3800 536 3851 dono
552 3817 724 3852 successorem
736 3799 899 3869 prohemium
911 3800 1077 3869 providistis.
1097 3829 1126 3838 -
1140 3829 1172 3837 -
1184 3830 1216 3838 -
1236 3800 1332 3851 Vestris
1350 3819 1448 3869 quoque
1461 3805 1614 3871 postulatio·

474 3886 552 3938 nibus
566 3904 704 3938 assensum
720 3888 891 3953 conserimus,
914 3896 943 3937 ut
962 3888 1041 3937 nestri
1059 3889 1164 3937 intersit
1181 3887 1297 3943 arbitrii,
1312 3906 1329 3937 a
1341 3889 1434 3956 quibus
1442 3893 1612 3958 potissimum

414 3982 446 4032 30
472 3972 610 4024 catholicis
626 3972 712 4024 debeat
728 3976 852 4039 episcopis
869 3975 1027 4025 consecrari.
1045 3972 1121 4023 Illud
1130 3991 1194 4023 stine
1204 3977 1354 4025 orimimodo
1363 3978 1552 4043 requirendum
1563 3989 1610 4035 est,

473 4070 567 4112 utrum
575 4067 625 4130 per
637 4077 749 4112 nannum
766 4059 791 4110 Τ
787 4062 931 4110 renerensis
947 4059 1022 4110 illius
1039 4061 1104 4110 dicti
1119 4061 1309 4128 archiepiscopi
1325 4066 1467 4114 simoniace
1476 4064 1566 4129 suerit
1584 4070 1611 4115 in

469 4149 606 4198 draconem
618 4147 766 4197 ordinatus.
783 4146 918 4214 Quicquid
927 4149 998 4196 enim
1010 4146 1042 4195 nh
1052 4163 1080 4196 co
1090 4148 1304 4197 entraordinaric
1316 4150 1472 4217 indigneque
1486 4156 1608 4218 suscepit,

469 4251 516 4286 nos
540 4235 634 4285 Sancti
657 4234 776 4300 Spiritus
792 4235 898 4297 judicio
922 4235 1032 4283 irritum
1054 4251 1106 4282 esse
1125 4250 1260 4284 censemus
1281 4264 1311 4272 -
1324 4264 1356 4272 -
1369 4265 1410 4288 -.
1432 4237 1610 4299 Amplissimos

468 4321 592 4375 collectio,
609 4332 628 4371 t.
645 4321 666 4382 1,
680 4320 733 4372 cul.
749 4333 797 4385 529
809 4331 837 4370 et
850 4322 923 4372 suiv.

408 4414 437 4466 35
503 4407 758 4459 ²L'intervcntion
787 4406 821 4457 de
851 4406 983 4458 Gebhard
1010 4406 1045 4456 de
1071 4408 1229 4459 constance
1258 4406 1362 4458 resulto
1387 4408 1545 4477 egalement
1570 4411 1607 4462 du

466 4496 644 4563 temoignage
663 4492 787 4545 autorise
807 4493 842 4544 de
864 4492 1016 4555 Brauon),
1040 4494 1200 4552 Chronicon,
1218 4494 1254 4543 ad
1269 4511 1373 4544 «innuen
1391 4509 1473 4559 1903,
1491 4495 1607 4559 uoti„

466 4582 529 4643 55..
545 4592 564 4632 t.
580 4581 614 4643 V,
627 4598 655 4649 p.
669 4582 718 4646 456
733 4595 739 4631 :
754 4580 880 4631 Metensis
891 4580 1001 4630 aeclesia
1014 4589 1037 4630 ct
1053 4579 1078 4631 Τ
1076 4579 1185 4631 tullensis
1196 4590 1220 4631 et
1240 4580 1412 4633 i'irduncnsis
1423 4582 1455 4633 ab
1466 4582 1608 4634 obedientia

465 4669 610 4738 Eigilberti
632 4669 797 4720 Trerierensis
819 4670 1044 4718 excurrimunicati
1065 4669 1249 4724 discesserunt,
1271 4672 1344 4735 cique
1366 4686 1392 4719 sc
1415 4687 1466 4721 non
1490 4670 1608 4732 amplius

464 4756 614 4807 obedituras
639 4758 804 4824 apertissime
830 4755 1042 4810 inundaverunt:
1068 4771 1181 4822 quonism
1205 4754 1332 4805 Jletcnsis
1355 4758 1470 4820 refutato
1491 4761 1608 4824 episcopo

406 4854 438 4900 4ο
465 4860 543 4912 quem
558 4841 706 4893 Heinricns
723 4844 759 4892 eis
777 4842 840 4891 dare
859 4840 940 4891 uoluit
953 4840 1158 4908 (Adalberon),
1172 4845 1225 4908 ipsi
1241 4842 1290 4892 sin·
1306 4846 1430 4894 canonice
1446 4844 1605 4895 catholicum

462 4937 597 5000 pastorem
614 4930 719 4997 elegere,
738 4945 849 4996 cunique
865 4945 882 4977 n
903 4926 1051 4979 Gehehnrdo
1071 4928 1269 4979 constantiensi
1283 4932 1407 4996 episcopo,
1426 4934 1491 4981 sedis
1507 4940 1607 4997 aposto·
