4450 6125
466 1122 595 1176 Transla-

456 1194 496 1244 tio
507 1191 534 1242 S.
545 1188 605 1240 Hu-

488 1257 570 1318 berti,

485 1337 570 1389 ²933·

614 817 639 900 8
825 821 1138 902 Cantatorium
1167 821 1260 898 sive
1296 815 1545 896 Chronicon

615 1116 676 1192 tio,
709 1125 748 1178 ut
779 1134 821 1178 ex
852 1117 916 1178 hoc
950 1117 985 1176 in
1021 1124 1199 1195 posterum
1236 1122 1269 1176 et
1300 1114 1423 1194 prioris
1458 1114 1693 1196 acquisitionis
1724 1126 1757 1179 et

617 1217 815 1298 posterioris
836 1216 1088 1278 additamentia
1109 1215 1362 1278 discerneretur
1383 1213 1606 1278 ecclesiastica
1627 1235 1758 1297 posses·

617 1319 667 1380 sio
689 1325 709 1379 ¹.
747 1326 822 1392 Quo
850 1327 927 1377 dum
957 1325 1074 1392 plures
1103 1332 1365 1386 concurrerent,
1397 1333 1431 1375 ut
1463 1325 1496 1375 in
1530 1333 1595 1377 tam
1628 1336 1757 1379 remota

616 1422 754 1472 heremo
781 1429 876 1472 tanto
903 1421 1049 1471 liberius
1075 1429 1201 1487 quanto
1227 1428 1260 1470 et
1286 1420 1456 1471 secretius
1485 1419 1554 1472 Deo
1580 1430 1755 1483 vacarent,

616 1506 750 1573 quidam
769 1507 869 1557 etiam
888 1505 1079 1558 nobiliores
1100 1505 1221 1556 clerici
1243 1504 1450 1556 deecclesia
1473 1505 1562 1556 beati
1581 1505 1756 1557 Lamberti
1799 1522 1810 1572 5

616 1607 655 1643 eo
678 1602 927 1654 convenerunt,
954 1600 1152 1658 mutatoque
1176 1591 1294 1642 habitu
1318 1591 1356 1642 ad
1380 1599 1615 1658 contemptum
1641 1592 1756 1644 mundi

616 1679 750 1744 seipsos
771 1678 923 1729 viriliter
939 1680 1179 1730 accinxerunt.
1201 1677 1258 1728 Hii
1277 1693 1389 1729 secum
1403 1678 1757 1731 deliberatoconsilio

616 1764 768 1816 eumdem
788 1764 898 1816 locum
916 1765 1024 1816 adhuc
1043 1766 1225 1816 honestius
1243 1764 1464 1826 sublimandi,
1484 1766 1667 1832 presertim
1686 1782 1758 1819 cum

616 1850 649 1900 in
674 1851 735 1902 hoc
760 1851 832 1916 ipso
856 1852 1067 1917 patrocinari
1094 1852 1159 1903 sibi
1184 1861 1363 1917 sperarent
1390 1851 1538 1904 favorem
1563 1851 1758 1919 pontilicis,

615 1937 793 2003 petierunt
816 1937 855 1990 ab
878 1953 915 1989 eo
940 1937 1217 1989 transferendum
1245 1937 1308 1989 illo
1332 1954 1455 2005 corpus
1479 1939 1568 1991 beati
1595 1938 1758 2001 Huberti,
1790 1958 1817 1995 ιο

617 2033 805 2083 asserentes
829 2023 905 2084 urbi
928 2022 1083 2084 sufficere
1106 2024 1338 2103 patrocinium
1361 2025 1450 2088 beati
1477 2027 1661 2090 Lamberti.
1687 2032 1760 2099 Que

617 2138 670 2173 res
695 2122 778 2173 licet
802 2138 862 2189 pro
886 2124 935 2175 sui
960 2125 1197 2192 magnitudine
1222 2127 1365 2177 nimium
1392 2125 1553 2178 diilicilis
1580 2128 1760 2181 videretur

618 2207 794 2275 pontifici,
816 2209 931 2261 divina
956 2218 1066 2261 tamen
1090 2213 1213 2279 gratia,
1239 2213 1293 2263 cui
1317 2212 1426 2264 nichil
1451 2222 1502 2264 est
1526 2215 1759 2281 impossibile,

617 2294 721 2362 justis
759 2295 987 2361 petitionibus
1028 2298 1235 2349 acceleravit
1275 2297 1447 2350 ellectum.
1489 2299 1570 2351 Nam
1611 2301 1760 2354 collecta

617 2391 858 2458 episcoporum
894 2392 1025 2459 synodo
1066 2386 1268 2466 provinciali
1310 2387 1401 2466 apud
1445 2388 1620 2451 ecclesiam
1665 2391 1760 2452 beate
1791 2412 1817 2462 ¹5

619 2488 725 2550 Marie
758 2496 966 2564 Aquisgrani
995 2488 1112 2568 palatii
1136 2489 1158 2563 ²,
1190 2487 1387 2550 Ludovicus
1416 2488 1492 2567 pius
1520 2498 1554 2550 et
1582 2490 1762 2572 religiosus

619 2587 808 2668 imperator
833 2590 994 2653 interesse
1019 2589 1129 2650 voluit
1150 2587 1386 2649 ecclesiasticis
1407 2586 1615 2651 utilitatibus
1634 2590 1763 2654 ibidem

620 2687 855 2769 disponendis.
891 2690 954 2753 Ubi
982 2707 1063 2752 cum
1093 2688 1312 2751 Gualcaudus
1343 2687 1483 2750 referret
1511 2690 1694 2754 consilium
1723 2693 1765 2755 de

621 2789 857 2852 transferendo
878 2807 1019 2870 corpore
1045 2789 1133 2850 beati
1159 2788 1302 2850 Huberti
1326 2790 1366 2850 ad
1391 2789 1505 2852 locum
1526 2790 1762 2873 Andaginum‚

620 2889 738 2940 divina
756 2890 987 2956 dispositione
1006 2889 1156 2955 predicti
1173 2889 1344 2955 principis
1360 2898 1393 2941 et
1410 2891 1524 2942 tocius
1541 2892 1664 2959 synodi
1685 2893 1765 2946 inde
1793 2912 1826 2949 ao

621 2984 859 3037 voluntarium
883 2984 1036 3036 obtinuit
1059 2999 1245 3045 assensum,
1275 2976 1402 3040 indicta
1430 2978 1460 3040 ei
1489 2979 1698 3056 conditione,
1726 2992 1766 3042 ut

623 3090 719 3143 tanto
735 3080 888 3162 pontifici
903 3081 1164 3143 convenientem
1178 3080 1362 3160 ampliaret
1377 3083 1556 3154 honorem,
1573 3088 1607 3142 et
1616 3080 1766 3144 collectis

621 3180 752 3243 ibidem
773 3179 938 3243 fratribus
958 3189 1029 3242 tam
1051 3180 1268 3259 presentibus
1287 3197 1394 3261 quam
1410 3179 1537 3243 futuris
1552 3182 1604 3243 vel
1620 3182 1768 3261 posteris

621 3291 759 3344 curaret
780 3299 920 3343 omnem
940 3281 1122 3343 excludere
1140 3281 1385 3344 necessitatem.
1404 3281 1599 3345 Constituta
1614 3301 1696 3345 vero
1711 3285 1767 3346 die

622 3383 663 3445 ad
684 3401 758 3443 rem
779 3382 1025 3463 exequendam,
1047 3382 1120 3460 ipse
1144 3382 1301 3461 princeps
1318 3382 1484 3442 leodium
1501 3382 1592 3445 venit
1607 3375 1619 3409 ³
1633 3391 1667 3445 et
1684 3402 1765 3447 cum
1795 3411 1825 3463 ²5

655 3579 681 3612 a.
700 3561 854 3612 addimenti
868 3562 892 3611 A
903 3578 913 3616 ,·
924 3561 1107 3612 additamenti
1122 3560 1236 3628 .212‚A3.

658 3820 664 3845 ¹
687 3812 757 3878 Voy.
768 3812 803 3862 G.
816 3811 934 3872 KURTH,
946 3811 997 3862 Les
1008 3814 1138 3877 premicrs
1149 3810 1238 3861 sic'cles
1249 3810 1279 3860 dc
1292 3808 1405 3872 l'abbaye
1416 3811 1446 3859 dc
1456 3807 1663 3872 Sarni-Hubert,
1674 3825 1702 3875 p.
1713 3823 1744 3874 45
1758 3824 1766 3861 :

621 3917 636 3945 (ι
646 3897 766 3948 l’auteur
778 3898 813 3948 de
826 3898 851 3949 la
863 3897 1015 3964 Chronique
1026 3898 1085 3948 voit
1098 3898 1133 3948 ici
1148 3913 1185 3947 un
1199 3896 1258 3956 but,
1273 3897 1299 3946 l'a
1311 3899 1348 3947 οὺ
1361 3896 1381 3946 il
1394 3896 1441 3963 n'y
1453 3912 1468 3948 a
1480 3895 1566 3962 qu'un
1579 3894 1732 3947 resultat».

657 3992 666 4018 ²
685 3983 773 4035 Louis
786 3984 812 4034 le
825 3982 914 4034 Pieux
927 3984 1019 4047 tinea
1036 3983 1061 4033 la
1078 3984 1143 4034 date
1159 3983 1194 4033 de
1211 3984 1270 4046 825,
1284 3983 1358 4034 deux
1374 3981 1544 4034 assemblees
1559 3984 1575 4032 a
1588 3980 1767 4035 Ain-laCha·

622 4069 698 4138 pelle
711 4085 718 4121 :
731 4086 766 4122 en
780 4072 833 4121 mai
846 4079 874 4122 et
886 4086 921 4121 en
934 4071 1014 4130 aosst;
1033 4070 1059 4120 le
1071 4069 1181 4121 concile
1198 4070 1268 4121 dont
1285 4069 1363 4135 parle
1381 4069 1408 4120 le
1423 4071 1611 4120 cantatorium
1627 4068 1689 4120 doit
1705 4070 1768 4122 etre
1797 4088 1831 4139 30

623 4158 798 4210 l'assemble'e
820 4158 924 4224 d’aoitt,
945 4173 991 4209 car
1014 4157 1034 4207 il
1058 4157 1130 4208 n’est
1154 4172 1202 4223 pas
1222 4156 1438 4209 vraisemblable
1458 4172 1513 4223 que
1534 4156 1559 4207 la
1581 4155 1708 4209 decision
1728 4157 1767 4209 du

623 4244 732 4296 concile
751 4245 791 4295 ait
811 4244 889 4295 tarde
906 4247 922 4294 a
939 4245 1000 4294 etre
1018 4242 1168 4302 executee5
1188 4257 1221 4294 or
1239 4240 1264 4292 la
1286 4242 1451 4294 translation
1469 4250 1518 4293 eut
1535 4241 1593 4293 lieu
1611 4240 1638 4292 le
1657 4254 1691 4305 30
1708 4256 1770 4309 sep

625 4330 733 4382 tembre
755 4333 812 4395 825.
833 4331 905 4398 Voy.
926 4330 957 4381 Β.
978 4329 1097 4391 Sursost,
1119 4327 1289 4392 Jahrbiclm
1306 4329 1349 4378 des
1362 4328 1539 4393 sra'nkischen
1558 4326 1671 4378 Reiclus
1691 4335 1771 4379 unttr

624 4418 738 4485 Ludwig
749 4419 806 4468 dem
819 4418 973 4473 Frommen,
990 4425 1010 4467 t.
1026 4417 1047 4478 l,
1062 4433 1109 4483 pp.
1125 4430 1138 4466 2
1143 4429 1172 4481 37
1186 4424 1214 4467 et
1227 4429 1349 4480 239240;
1365 4414 1767 4475 BOEHMER-Munutnactm,

625 4505 679 4555 Die
691 4504 817 4570 Regcsten
831 4506 873 4555 des
887 4502 1070 4554 Kaiscrreicks
1083 4511 1162 4552 tenter
1177 4504 1225 4552 den
1239 4500 1431 4567 libralingtrn,
1447 4516 1495 4567 pp.
1510 4501 1631 4564 284-285.
1801 4532 1832 4585 35

659 4598 669 4637 3
689 4591 729 4642 Le
745 4590 897 4641 Translatio
914 4591 1008 4641 Sancti
1023 4589 1144 4641 Huberti
1160 4606 1196 4642 ne
1208 4589 1235 4641 le
1247 4589 1289 4639 dit
1302 4605 1350 4655 pas
1362 4598 1390 4639 et
1401 4588 1419 4638 il
1433 4588 1501 4639 l'eilt
1513 4586 1555 4638 dit
1568 4602 1575 4637 τ
1588 4587 1730 4653 pentetre
1742 4586 1770 4639 le

625 4678 816 4744 chroniqueur
832 4676 903 4727 a-t·il
920 4675 1061 4729 conlondu
1078 4692 1146 4728 avec
1158 4676 1318 4727 l'elevation
1331 4675 1368 4726 du
1382 4691 1464 4741 corps
1476 4675 1511 4726 de
1524 4674 1596 4724 saint
1616 4672 1769 4730 liubert,a

624 4763 746 4832 laquelle
754 4765 769 4815 J
773 4780 841 4815 onas
854 4773 966 4815 raconte
978 4780 1033 4831 que
1042 4763 1193 4816 Carloman
1205 4764 1302 4815 assista
1311 4763 1386 4821 (ΑΛ.
1397 4762 1462 4825 55„
1473 4770 1493 4813 t.
1507 4761 1543 4811 l·r
1552 4760 1587 4811 de
1599 4760 1766 4821 novembre,

624 4870 650 4920 p.
665 4851 714 4903 816
728 4851 771 4917 E).
782 4850 837 4902 Sur
849 4850 966 4901 l'erreur
977 4851 1014 4901 du
1030 4851 1229 4913 cantatorium,
1243 4847 1293 4901 cir.
1305 4848 1424 4910 Srirsom
1438 4864 1513 4899 ouvr.
1526 4848 1584 4908 citt,
1597 4854 1618 4896 t.
1630 4845 1652 4911 1,
1665 4861 1692 4913 p.
1705 4859 1764 4911 250.
