<?xml version="1.0" encoding="UTF-8"?>
<!DOCTYPE html PUBLIC "-//W3C//DTD XHTML 1.0 Transitional//EN"
    "http://www.w3.org/TR/xhtml1/DTD/xhtml1-transitional.dtd">
<html xmlns="http://www.w3.org/1999/xhtml" xml:lang="en" lang="en">
 <head>
  <title>
</title>
<meta http-equiv="Content-Type" content="text/html;charset=utf-8" />
  <meta name='ocr-system' content='tesseract 3.04.00' />
  <meta name='ocr-capabilities' content='ocr_page ocr_carea ocr_par ocr_line ocrx_word'/>
</head>
<body>
  <div class='ocr_page' id='page_1' title='image "./lachroniquedesa00minogoog_0112.png"; bbox 0 0 4450 6125; ppageno 0'>
   <div class='ocr_carea' id='block_1_1' title="bbox 545 862 1479 950">
    <p class='ocr_par' dir='ltr' id='par_1_1' title="bbox 545 862 1479 950">
     <span class='ocr_line' id='line_1_1' title="bbox 545 862 1479 950; baseline -0.006 -1"><span class='ocrx_word' id='word_1_1' title='bbox 545 868 600 950; x_wconf 81' lang='lat'>50</span> <span class='ocrx_word' id='word_1_2' title='bbox 756 862 1070 945; x_wconf 72' lang='lat' dir='ltr'>cantatorium</span> <span class='ocrx_word' id='word_1_3' title='bbox 1098 868 1193 947; x_wconf 79' lang='lat' dir='ltr'>siue</span> <span class='ocrx_word' id='word_1_4' title='bbox 1227 866 1479 950; x_wconf 79' lang='lat' dir='ltr'>Chronioorr</span> 
     </span>
    </p>
   </div>
   <div class='ocr_carea' id='block_1_2' title="bbox 536 1155 1742 2851">
    <p class='ocr_par' dir='ltr' id='par_1_2' title="bbox 536 1155 1742 2851">
     <span class='ocr_line' id='line_1_2' title="bbox 542 1155 1684 1242; baseline -0.003 -18"><span class='ocrx_word' id='word_1_5' title='bbox 542 1164 665 1236; x_wconf 90' lang='lat' dir='ltr'>ductis,</span> <span class='ocrx_word' id='word_1_6' title='bbox 675 1162 822 1238; x_wconf 88' lang='lat' dir='ltr'>criptam</span> <span class='ocrx_word' id='word_1_7' title='bbox 833 1167 867 1221; x_wconf 91' lang='lat' dir='ltr'>et</span> <span class='ocrx_word' id='word_1_8' title='bbox 877 1159 1067 1222; x_wconf 90' lang='lat' dir='ltr'>claustrum</span> <span class='ocrx_word' id='word_1_9' title='bbox 1079 1161 1113 1222; x_wconf 96' lang='lat' dir='ltr'>in</span> <span class='ocrx_word' id='word_1_10' title='bbox 1128 1172 1322 1242; x_wconf 84' lang='lat' dir='ltr'>presentem</span> <span class='ocrx_word' id='word_1_11' title='bbox 1333 1170 1464 1224; x_wconf 89' lang='lat' dir='ltr'>statum</span> <span class='ocrx_word' id='word_1_12' title='bbox 1476 1155 1684 1238; x_wconf 83' lang='lat' dir='ltr'><strong>composuit.</strong></span> 
     </span>
     <span class='ocr_line' id='line_1_3' title="bbox 541 1256 1685 1342; baseline -0.007 -15"><span class='ocrx_word' id='word_1_13' title='bbox 541 1264 692 1327; x_wconf 84' lang='lat' dir='ltr'>advectis</span> <span class='ocrx_word' id='word_1_14' title='bbox 713 1262 756 1324; x_wconf 90' lang='lat' dir='ltr'>ab</span> <span class='ocrx_word' id='word_1_15' title='bbox 779 1261 955 1323; x_wconf 82' lang='lat' dir='ltr'>Araleonis</span> <span class='ocrx_word' id='word_1_16' title='bbox 975 1261 1171 1342; x_wconf 90' lang='lat' dir='ltr'>columpnis</span> <span class='ocrx_word' id='word_1_17' title='bbox 1192 1280 1272 1324; x_wconf 92' lang='lat' dir='ltr'>cum</span> <span class='ocrx_word' id='word_1_18' title='bbox 1294 1259 1462 1341; x_wconf 80' lang='lat' dir='ltr'>capitellis</span> <span class='ocrx_word' id='word_1_19' title='bbox 1483 1268 1517 1320; x_wconf 92' lang='lat' dir='ltr'>et</span> <span class='ocrx_word' id='word_1_20' title='bbox 1545 1256 1685 1320; x_wconf 83' lang='lat' dir='ltr'>basibus</span> 
     </span>
     <span class='ocr_line' id='line_1_4' title="bbox 542 1358 1686 1427; baseline -0.005 -1"><span class='ocrx_word' id='word_1_21' title='bbox 542 1365 614 1427; x_wconf 87' lang='lat' dir='ltr'>suis</span> <span class='ocrx_word' id='word_1_22' title='bbox 628 1373 662 1425; x_wconf 91' lang='lat' dir='ltr'>et</span> <span class='ocrx_word' id='word_1_23' title='bbox 676 1361 837 1425; x_wconf 87' lang='lat' dir='ltr'>altarium</span> <span class='ocrx_word' id='word_1_24' title='bbox 860 1362 997 1425; x_wconf 86' lang='lat' dir='ltr'>mensis.</span> <span class='ocrx_word' id='word_1_25' title='bbox 1016 1364 1120 1425; x_wconf 72' lang='lat' dir='ltr'>Auxit</span> <span class='ocrx_word' id='word_1_26' title='bbox 1142 1364 1245 1426; x_wconf 91' lang='lat' dir='ltr'>etiam</span> <span class='ocrx_word' id='word_1_27' title='bbox 1268 1362 1417 1425; x_wconf 86' lang='lat' dir='ltr'>oratoria</span> <span class='ocrx_word' id='word_1_28' title='bbox 1436 1379 1455 1423; x_wconf 93' lang='lat' dir='ltr'>a</span> <span class='ocrx_word' id='word_1_29' title='bbox 1470 1358 1602 1421; x_wconf 85' lang='lat' dir='ltr'>dextris</span> <span class='ocrx_word' id='word_1_30' title='bbox 1616 1367 1686 1421; x_wconf 86' lang='lat' dir='ltr'>eta</span> 
     </span>
     <span class='ocr_line' id='line_1_5' title="bbox 542 1459 1685 1545; baseline -0.003 -21"><span class='ocrx_word' id='word_1_31' title='bbox 542 1462 690 1525; x_wconf 85' lang='lat' dir='ltr'>sinistris</span> <span class='ocrx_word' id='word_1_32' title='bbox 701 1462 850 1535; x_wconf 87' lang='lat' dir='ltr'>ecclesie;</span> <span class='ocrx_word' id='word_1_33' title='bbox 863 1472 896 1525; x_wconf 90' lang='lat' dir='ltr'>et</span> <span class='ocrx_word' id='word_1_34' title='bbox 909 1480 928 1523; x_wconf 91' lang='lat' dir='ltr'>a</span> <span class='ocrx_word' id='word_1_35' title='bbox 940 1462 1070 1524; x_wconf 88' lang='lat' dir='ltr'>dextris</span> <span class='ocrx_word' id='word_1_36' title='bbox 1083 1464 1237 1545; x_wconf 87' lang='lat' dir='ltr'>quidem.</span> <span class='ocrx_word' id='word_1_37' title='bbox 1250 1462 1455 1526; x_wconf 83' lang='lat' dir='ltr'>memoriam</span> <span class='ocrx_word' id='word_1_38' title='bbox 1469 1462 1564 1523; x_wconf 87' lang='lat' dir='ltr'>beate</span> <span class='ocrx_word' id='word_1_39' title='bbox 1577 1459 1685 1522; x_wconf 85' lang='lat' dir='ltr'>Marie</span> 
     </span>
     <span class='ocr_line' id='line_1_6' title="bbox 542 1559 1742 1643; baseline -0.003 -19"><span class='ocrx_word' id='word_1_40' title='bbox 542 1563 584 1624; x_wconf 92' lang='lat' dir='ltr'>ad</span> <span class='ocrx_word' id='word_1_41' title='bbox 608 1561 762 1625; x_wconf 91' lang='lat' dir='ltr'>medium</span> <span class='ocrx_word' id='word_1_42' title='bbox 783 1560 890 1623; x_wconf 88' lang='lat' dir='ltr'>altare</span> <span class='ocrx_word' id='word_1_43' title='bbox 912 1578 997 1623; x_wconf 84' lang='lat' dir='ltr'>nove</span> <span class='ocrx_word' id='word_1_44' title='bbox 1015 1563 1124 1643; x_wconf 88' lang='lat' dir='ltr'>cripte</span> <span class='ocrx_word' id='word_1_45' title='bbox 1145 1564 1153 1590; x_wconf 88' lang='lat'><em>¹</em></span> <span class='ocrx_word' id='word_1_46' title='bbox 1173 1562 1351 1626; x_wconf 88' lang='lat' dir='ltr'>transtulit</span> <span class='ocrx_word' id='word_1_47' title='bbox 1371 1571 1406 1624; x_wconf 91' lang='lat' dir='ltr'>et</span> <span class='ocrx_word' id='word_1_48' title='bbox 1426 1561 1555 1623; x_wconf 89' lang='lat' dir='ltr'>ibidem</span> <span class='ocrx_word' id='word_1_49' title='bbox 1575 1559 1683 1621; x_wconf 86' lang='lat' dir='ltr'>altare</span> <span class='ocrx_word' id='word_1_50' title='bbox 1729 1568 1742 1619; x_wconf 78' lang='grc'><strong><em>5</em></strong></span> 
     </span>
     <span class='ocr_line' id='line_1_7' title="bbox 541 1661 1684 1742; baseline -0.001 -18"><span class='ocrx_word' id='word_1_51' title='bbox 541 1663 649 1726; x_wconf 86' lang='lat' dir='ltr'>sancti</span> <span class='ocrx_word' id='word_1_52' title='bbox 670 1662 834 1742; x_wconf 86' lang='lat' dir='ltr'>Stephani</span> <span class='ocrx_word' id='word_1_53' title='bbox 855 1663 1134 1742; x_wconf 85' lang='lat' dir='ltr'>prothomartiris</span> <span class='ocrx_word' id='word_1_54' title='bbox 1154 1665 1166 1691; x_wconf 78' lang='lat'>²</span> <span class='ocrx_word' id='word_1_55' title='bbox 1185 1664 1376 1736; x_wconf 89' lang='lat' dir='ltr'>substituit,</span> <span class='ocrx_word' id='word_1_56' title='bbox 1396 1681 1415 1725; x_wconf 93' lang='lat' dir='ltr'>a</span> <span class='ocrx_word' id='word_1_57' title='bbox 1435 1661 1583 1724; x_wconf 88' lang='lat' dir='ltr'>sinistris</span> <span class='ocrx_word' id='word_1_58' title='bbox 1601 1678 1684 1723; x_wconf 82' lang='lat' dir='ltr'>vero</span> 
     </span>
     <span class='ocr_line' id='line_1_8' title="bbox 541 1762 1683 1846; baseline -0.001 -21"><span class='ocrx_word' id='word_1_59' title='bbox 541 1763 744 1826; x_wconf 84' lang='lat' dir='ltr'>memoriam</span> <span class='ocrx_word' id='word_1_60' title='bbox 782 1763 870 1825; x_wconf 86' lang='lat' dir='ltr'>beati</span> <span class='ocrx_word' id='word_1_61' title='bbox 908 1763 1045 1825; x_wconf 86' lang='lat' dir='ltr'>Martini</span> <span class='ocrx_word' id='word_1_62' title='bbox 1083 1775 1122 1827; x_wconf 92' lang='lat' dir='ltr'>ut</span> <span class='ocrx_word' id='word_1_63' title='bbox 1157 1764 1267 1827; x_wconf 82' lang='lat' dir='ltr'>fuerat</span> <span class='ocrx_word' id='word_1_64' title='bbox 1302 1764 1452 1846; x_wconf 89' lang='lat' dir='ltr'>reliquit,</span> <span class='ocrx_word' id='word_1_65' title='bbox 1482 1762 1683 1843; x_wconf 87' lang='lat' dir='ltr'>ibidemque</span> 
     </span>
     <span class='ocr_line' id='line_1_9' title="bbox 539 1863 1684 1948; baseline -0.003 -22"><span class='ocrx_word' id='word_1_66' title='bbox 539 1865 749 1927; x_wconf 83' lang='lat' dir='ltr'>extrinsecus</span> <span class='ocrx_word' id='word_1_67' title='bbox 775 1881 904 1925; x_wconf 91' lang='lat' dir='ltr'>novum</span> <span class='ocrx_word' id='word_1_68' title='bbox 929 1863 1120 1927; x_wconf 91' lang='lat' dir='ltr'>oratorium</span> <span class='ocrx_word' id='word_1_69' title='bbox 1145 1867 1309 1938; x_wconf 89' lang='lat' dir='ltr'>extruxit,</span> <span class='ocrx_word' id='word_1_70' title='bbox 1333 1865 1424 1948; x_wconf 90' lang='lat' dir='ltr'>quod</span> <span class='ocrx_word' id='word_1_71' title='bbox 1447 1863 1574 1925; x_wconf 86' lang='lat' dir='ltr'>dicitur</span> <span class='ocrx_word' id='word_1_72' title='bbox 1601 1887 1614 1917; x_wconf 86' lang='lat'><strong>·</strong></span> <span class='ocrx_word' id='word_1_73' title='bbox 1639 1863 1684 1924; x_wconf 80' lang='lat' dir='ltr'>ad</span> 
     </span>
     <span class='ocr_line' id='line_1_10' title="bbox 538 1965 1683 2046; baseline -0.003 -19"><span class='ocrx_word' id='word_1_74' title='bbox 538 1971 683 2027; x_wconf 82' lang='lat' dir='ltr'>souclom</span> <span class='ocrx_word' id='word_1_75' title='bbox 698 1965 898 2026; x_wconf 78' lang='lat' dir='ltr'>[herusalem</span> <span class='ocrx_word' id='word_1_76' title='bbox 917 1990 944 2037; x_wconf 83' lang='lat'>»,</span> <span class='ocrx_word' id='word_1_77' title='bbox 960 1966 1106 2046; x_wconf 88' lang='lat' dir='ltr'>eoquod</span> <span class='ocrx_word' id='word_1_78' title='bbox 1123 1966 1294 2028; x_wconf 89' lang='lat' dir='ltr'>dominice</span> <span class='ocrx_word' id='word_1_79' title='bbox 1317 1965 1494 2044; x_wconf 86' lang='lat' dir='ltr'>sepulture</span> <span class='ocrx_word' id='word_1_80' title='bbox 1512 1975 1546 2025; x_wconf 88' lang='lat' dir='ltr'>et</span> <span class='ocrx_word' id='word_1_81' title='bbox 1568 1978 1683 2025; x_wconf 90' lang='lat' dir='ltr'>resur·</span> 
     </span>
     <span class='ocr_line' id='line_1_11' title="bbox 539 2055 1741 2143; baseline -0.001 -15"><span class='ocrx_word' id='word_1_82' title='bbox 539 2065 699 2128; x_wconf 88' lang='lat' dir='ltr'>rectionis</span> <span class='ocrx_word' id='word_1_83' title='bbox 724 2064 897 2126; x_wconf 90' lang='lat' dir='ltr'>contineat</span> <span class='ocrx_word' id='word_1_84' title='bbox 918 2081 1114 2143; x_wconf 84' lang='lat' dir='ltr'>expressam</span> <span class='ocrx_word' id='word_1_85' title='bbox 1136 2065 1401 2127; x_wconf 91' lang='lat' dir='ltr'>similitudinem</span> <span class='ocrx_word' id='word_1_86' title='bbox 1423 2055 1445 2127; x_wconf 87' lang='lat'>³.</span> <span class='ocrx_word' id='word_1_87' title='bbox 1471 2062 1683 2128; x_wconf 78' lang='lat' dir='ltr'>illuminavit</span> <span class='ocrx_word' id='word_1_88' title='bbox 1712 2075 1741 2111; x_wconf 90' lang='lat'>¹0</span> 
     </span>
     <span class='ocr_line' id='line_1_12' title="bbox 538 2164 1684 2249; baseline -0.003 -20"><span class='ocrx_word' id='word_1_89' title='bbox 538 2184 675 2249; x_wconf 90' lang='lat' dir='ltr'>quoque</span> <span class='ocrx_word' id='word_1_90' title='bbox 687 2165 1391 2247; x_wconf 78' lang='lat' dir='ltr'>oratoria,queextruxerat‚pulcherrimis</span> <span class='ocrx_word' id='word_1_91' title='bbox 1403 2164 1684 2245; x_wconf 81' lang='lat' dir='ltr'>fenestris⁴,quo·</span> 
     </span>
     <span class='ocr_line' id='line_1_13' title="bbox 538 2265 1682 2350; baseline -0.003 -21"><span class='ocrx_word' id='word_1_92' title='bbox 538 2269 619 2330; x_wconf 89' lang='lat' dir='ltr'>dam</span> <span class='ocrx_word' id='word_1_93' title='bbox 637 2267 769 2350; x_wconf 86' lang='lat' dir='ltr'>Rogero</span> <span class='ocrx_word' id='word_1_94' title='bbox 783 2267 954 2328; x_wconf 88' lang='lat' dir='ltr'>conducto</span> <span class='ocrx_word' id='word_1_95' title='bbox 974 2267 1018 2327; x_wconf 88' lang='lat' dir='ltr'>ab</span> <span class='ocrx_word' id='word_1_96' title='bbox 1037 2267 1122 2329; x_wconf 86' lang='lat' dir='ltr'>urbe</span> <span class='ocrx_word' id='word_1_97' title='bbox 1144 2265 1313 2341; x_wconf 84' lang='lat' dir='ltr'>Remensi,</span> <span class='ocrx_word' id='word_1_98' title='bbox 1331 2267 1458 2329; x_wconf 81' lang='lat' dir='ltr'>valenti</span> <span class='ocrx_word' id='word_1_99' title='bbox 1477 2265 1682 2328; x_wconf 87' lang='lat' dir='ltr'>ammodum</span> 
     </span>
     <span class='ocr_line' id='line_1_14' title="bbox 538 2364 1683 2448; baseline -0.001 -18"><span class='ocrx_word' id='word_1_100' title='bbox 538 2368 613 2430; x_wconf 89' lang='lat' dir='ltr'>viro</span> <span class='ocrx_word' id='word_1_101' title='bbox 627 2378 660 2431; x_wconf 90' lang='lat' dir='ltr'>et</span> <span class='ocrx_word' id='word_1_102' title='bbox 676 2366 937 2448; x_wconf 90' lang='lat' dir='ltr'>promptissimo</span> <span class='ocrx_word' id='word_1_103' title='bbox 954 2368 1057 2445; x_wconf 87' lang='lat' dir='ltr'>hujus</span> <span class='ocrx_word' id='word_1_104' title='bbox 1070 2368 1156 2429; x_wconf 89' lang='lat' dir='ltr'>artis</span> <span class='ocrx_word' id='word_1_105' title='bbox 1172 2377 1204 2429; x_wconf 93' lang='lat' dir='ltr'>et</span> <span class='ocrx_word' id='word_1_106' title='bbox 1220 2367 1440 2446; x_wconf 87' lang='lat' dir='ltr'>peritissimo.</span> <span class='ocrx_word' id='word_1_107' title='bbox 1457 2364 1635 2429; x_wconf 82' lang='lat' dir='ltr'>Edificarit</span> <span class='ocrx_word' id='word_1_108' title='bbox 1649 2374 1683 2429; x_wconf 87' lang='lat' dir='ltr'>et</span> 
     </span>
     <span class='ocr_line' id='line_1_15' title="bbox 536 2466 1683 2546; baseline -0.002 -16"><span class='ocrx_word' id='word_1_109' title='bbox 536 2469 643 2531; x_wconf 89' lang='lat' dir='ltr'>altare</span> <span class='ocrx_word' id='word_1_110' title='bbox 663 2468 699 2529; x_wconf 93' lang='lat' dir='ltr'>in</span> <span class='ocrx_word' id='word_1_111' title='bbox 723 2470 851 2530; x_wconf 87' lang='lat' dir='ltr'>honore</span> <span class='ocrx_word' id='word_1_112' title='bbox 872 2476 987 2530; x_wconf 91' lang='lat' dir='ltr'>sancte</span> <span class='ocrx_word' id='word_1_113' title='bbox 1009 2477 1042 2529; x_wconf 89' lang='lat' dir='ltr'>et</span> <span class='ocrx_word' id='word_1_114' title='bbox 1063 2466 1241 2530; x_wconf 89' lang='lat' dir='ltr'>individue</span> <span class='ocrx_word' id='word_1_115' title='bbox 1264 2467 1454 2539; x_wconf 79' lang='lat' dir='ltr'>Trinitatis,</span> <span class='ocrx_word' id='word_1_116' title='bbox 1480 2467 1522 2528; x_wconf 93' lang='lat' dir='ltr'>ad</span> <span class='ocrx_word' id='word_1_117' title='bbox 1540 2478 1555 2504; x_wconf 78' lang='lat'><em>⁰</em></span> <span class='ocrx_word' id='word_1_118' title='bbox 1576 2466 1683 2546; x_wconf 88' lang='lat' dir='ltr'>pedes</span> 
     </span>
     <span class='ocr_line' id='line_1_16' title="bbox 537 2566 1736 2652; baseline -0.008 -20"><span class='ocrx_word' id='word_1_119' title='bbox 537 2570 623 2632; x_wconf 86' lang='lat' dir='ltr'>beati</span> <span class='ocrx_word' id='word_1_120' title='bbox 642 2569 799 2642; x_wconf 89' lang='lat' dir='ltr'>Huberti,</span> <span class='ocrx_word' id='word_1_121' title='bbox 817 2568 875 2630; x_wconf 91' lang='lat' dir='ltr'>ubi</span> <span class='ocrx_word' id='word_1_122' title='bbox 895 2578 928 2630; x_wconf 90' lang='lat' dir='ltr'>et</span> <span class='ocrx_word' id='word_1_123' title='bbox 949 2568 1099 2629; x_wconf 85' lang='lat' dir='ltr'>maxima</span> <span class='ocrx_word' id='word_1_124' title='bbox 1121 2578 1318 2652; x_wconf 82' lang='lat' dir='ltr'>sanctorum</span> <span class='ocrx_word' id='word_1_125' title='bbox 1341 2568 1485 2649; x_wconf 84' lang='lat' dir='ltr'>pignora</span> <span class='ocrx_word' id='word_1_126' title='bbox 1507 2566 1678 2647; x_wconf 87' lang='lat' dir='ltr'>deposuit.</span> <span class='ocrx_word' id='word_1_127' title='bbox 1711 2573 1736 2622; x_wconf 74' lang='lat'>¹5</span> 
     </span>
     <span class='ocr_line' id='line_1_17' title="bbox 539 2659 1682 2748; baseline -0.003 -16"><span class='ocrx_word' id='word_1_128' title='bbox 539 2671 613 2747; x_wconf 91' lang='lat' dir='ltr'>Que</span> <span class='ocrx_word' id='word_1_129' title='bbox 627 2670 745 2731; x_wconf 85' lang='lat' dir='ltr'>omnia</span> <span class='ocrx_word' id='word_1_130' title='bbox 765 2686 831 2730; x_wconf 93' lang='lat' dir='ltr'>non</span> <span class='ocrx_word' id='word_1_131' title='bbox 851 2669 963 2731; x_wconf 91' lang='lat' dir='ltr'>multo</span> <span class='ocrx_word' id='word_1_132' title='bbox 981 2678 1056 2747; x_wconf 92' lang='lat' dir='ltr'>post</span> <span class='ocrx_word' id='word_1_133' title='bbox 1076 2669 1243 2730; x_wconf 86' lang='lat' dir='ltr'>Henricus</span> <span class='ocrx_word' id='word_1_134' title='bbox 1263 2668 1442 2748; x_wconf 90' lang='lat' dir='ltr'>episcopus</span> <span class='ocrx_word' id='word_1_135' title='bbox 1455 2659 1478 2740; x_wconf 81' lang='lat'>⁵,</span> <span class='ocrx_word' id='word_1_136' title='bbox 1501 2676 1682 2747; x_wconf 88' lang='lat' dir='ltr'>assumpto</span> 
     </span>
     <span class='ocr_line' id='line_1_18' title="bbox 539 2759 1682 2851; baseline -0.003 -18"><span class='ocrx_word' id='word_1_137' title='bbox 539 2788 654 2833; x_wconf 89' lang='lat' dir='ltr'>seeum</span> <span class='ocrx_word' id='word_1_138' title='bbox 679 2770 703 2831; x_wconf 82' lang='lat' dir='ltr'>F</span> <span class='ocrx_word' id='word_1_139' title='bbox 706 2786 851 2831; x_wconf 91' lang='lat' dir='ltr'>rancone</span> <span class='ocrx_word' id='word_1_140' title='bbox 876 2768 1127 2850; x_wconf 73' lang='lat' dir='ltr'>bellagradensi</span> <span class='ocrx_word' id='word_1_141' title='bbox 1150 2767 1309 2849; x_wconf 85' lang='lat' dir='ltr'>pontifice</span> <span class='ocrx_word' id='word_1_142' title='bbox 1329 2759 1353 2842; x_wconf 89' lang='lat'>⁶,</span> <span class='ocrx_word' id='word_1_143' title='bbox 1377 2769 1437 2851; x_wconf 92' lang='lat' dir='ltr'>qui</span> <span class='ocrx_word' id='word_1_144' title='bbox 1459 2785 1578 2830; x_wconf 91' lang='lat' dir='ltr'>secum</span> <span class='ocrx_word' id='word_1_145' title='bbox 1600 2776 1682 2830; x_wconf 90' lang='lat' dir='ltr'>tunc</span> 
     </span>
    </p>
   </div>
   <div class='ocr_carea' id='block_1_3' title="bbox 573 2929 687 2981">
    <p class='ocr_par' dir='ltr' id='par_1_3' title="bbox 573 2929 687 2981">
     <span class='ocr_line' id='line_1_19' title="bbox 573 2929 687 2981; baseline -0.009 -3"><span class='ocrx_word' id='word_1_146' title='bbox 573 2946 598 2981; x_wconf 81' lang='lat' dir='ltr'>a.</span> <span class='ocrx_word' id='word_1_147' title='bbox 617 2945 632 2978; x_wconf 82' lang='lat' dir='ltr'>a</span> <span class='ocrx_word' id='word_1_148' title='bbox 651 2929 687 2977; x_wconf 61' lang='lat' dir='ltr'>il.</span> 
     </span>
    </p>
   </div>
   <div class='ocr_carea' id='block_1_4' title="bbox 540 3079 833 3091">
    <p class='ocr_par' dir='ltr' id='par_1_4' title="bbox 540 3079 833 3091">
     <span class='ocr_line' id='line_1_20' title="bbox 540 3079 833 3091; baseline -0.01 0"><span class='ocrx_word' id='word_1_149' title='bbox 540 3079 833 3091; x_wconf 84' lang='lat'>————</span> 
     </span>
    </p>
   </div>
   <div class='ocr_carea' id='block_1_5' title="bbox 531 3174 1738 4971">
    <p class='ocr_par' dir='ltr' id='par_1_5' title="bbox 538 3174 1738 3331">
     <span class='ocr_line' id='line_1_21' title="bbox 574 3174 1681 3243; baseline 0.005 -15"><span class='ocrx_word' id='word_1_150' title='bbox 574 3185 582 3213; x_wconf 92' lang='lat'><em>¹</em></span> <span class='ocrx_word' id='word_1_151' title='bbox 602 3176 710 3229; x_wconf 83' lang='lat' dir='ltr'>L&#39;autel</span> <span class='ocrx_word' id='word_1_152' title='bbox 731 3177 767 3228; x_wconf 89' lang='lat' dir='ltr'>de</span> <span class='ocrx_word' id='word_1_153' title='bbox 789 3176 814 3227; x_wconf 84' lang='lat' dir='ltr'>la</span> <span class='ocrx_word' id='word_1_154' title='bbox 834 3185 933 3242; x_wconf 63' lang='lat' dir='ltr'>cry-pte</span> <span class='ocrx_word' id='word_1_155' title='bbox 953 3174 1074 3226; x_wconf 86' lang='lat' dir='ltr'>actuelle</span> <span class='ocrx_word' id='word_1_156' title='bbox 1094 3175 1130 3226; x_wconf 87' lang='lat' dir='ltr'>de</span> <span class='ocrx_word' id='word_1_157' title='bbox 1154 3174 1260 3243; x_wconf 71' lang='lat' dir='ltr'>l&#39;eglise</span> <span class='ocrx_word' id='word_1_158' title='bbox 1284 3176 1489 3229; x_wconf 69' lang='lat' dir='ltr'>&amp;int-Hubert</span> <span class='ocrx_word' id='word_1_159' title='bbox 1510 3187 1552 3230; x_wconf 86' lang='lat' dir='ltr'>est</span> <span class='ocrx_word' id='word_1_160' title='bbox 1578 3194 1681 3233; x_wconf 86' lang='lat' dir='ltr'>enoore</span> 
     </span>
     <span class='ocr_line' id='line_1_22' title="bbox 538 3262 1738 3331; baseline -0.003 -15"><span class='ocrx_word' id='word_1_161' title='bbox 538 3263 685 3317; x_wconf 74' lang='lat' dir='ltr'>dedieala</span> <span class='ocrx_word' id='word_1_162' title='bbox 698 3262 738 3315; x_wconf 71' lang='lat'>8¹⁰</span> <span class='ocrx_word' id='word_1_163' title='bbox 749 3263 861 3331; x_wconf 86' lang='lat' dir='ltr'>vierge.</span> <span class='ocrx_word' id='word_1_164' title='bbox 1706 3274 1738 3313; x_wconf 73' lang='grc' dir='ltr'>ιο</span> 
     </span>
    </p>

    <p class='ocr_par' dir='ltr' id='par_1_6' title="bbox 538 3347 1683 3675">
     <span class='ocr_line' id='line_1_23' title="bbox 573 3347 1680 3415; baseline 0.005 -15"><span class='ocrx_word' id='word_1_165' title='bbox 573 3350 665 3400; x_wconf 85' lang='lat' dir='ltr'>&#39;Une</span> <span class='ocrx_word' id='word_1_166' title='bbox 690 3351 739 3400; x_wconf 87' lang='lat' dir='ltr'>des</span> <span class='ocrx_word' id='word_1_167' title='bbox 765 3348 907 3415; x_wconf 73' lang='lat' dir='ltr'>chapelles</span> <span class='ocrx_word' id='word_1_168' title='bbox 932 3347 1077 3408; x_wconf 85' lang='lat' dir='ltr'>actuelles,</span> <span class='ocrx_word' id='word_1_169' title='bbox 1104 3351 1119 3397; x_wconf 87' lang='lat' dir='ltr'>&#39;a</span> <span class='ocrx_word' id='word_1_170' title='bbox 1148 3347 1240 3398; x_wconf 81' lang='lat' dir='ltr'>droitu</span> <span class='ocrx_word' id='word_1_171' title='bbox 1269 3348 1304 3399; x_wconf 86' lang='lat' dir='ltr'>de</span> <span class='ocrx_word' id='word_1_172' title='bbox 1331 3349 1435 3410; x_wconf 86' lang='lat' dir='ltr'>l’autel,</span> <span class='ocrx_word' id='word_1_173' title='bbox 1465 3362 1506 3401; x_wconf 89' lang='lat' dir='ltr'>est</span> <span class='ocrx_word' id='word_1_174' title='bbox 1536 3351 1637 3405; x_wconf 75' lang='lat' dir='ltr'>dediee</span> <span class='ocrx_word' id='word_1_175' title='bbox 1664 3356 1680 3404; x_wconf 75' lang='lat' dir='ltr'>t</span> 
     </span>
     <span class='ocr_line' id='line_1_24' title="bbox 540 3420 1680 3502; baseline 0.003 -13"><span class='ocrx_word' id='word_1_176' title='bbox 540 3438 567 3489; x_wconf 65' lang='grc' dir='ltr'>ὃ*</span> <span class='ocrx_word' id='word_1_177' title='bbox 581 3420 711 3488; x_wconf 73' lang='lat' dir='ltr'>litienne.</span> <span class='ocrx_word' id='word_1_178' title='bbox 725 3436 771 3486; x_wconf 84' lang='lat' dir='ltr'>On</span> <span class='ocrx_word' id='word_1_179' title='bbox 785 3452 801 3502; x_wconf 83' lang='lat' dir='ltr'>y</span> <span class='ocrx_word' id='word_1_180' title='bbox 816 3436 873 3486; x_wconf 87' lang='lat' dir='ltr'>voit</span> <span class='ocrx_word' id='word_1_181' title='bbox 892 3451 929 3485; x_wconf 92' lang='lat' dir='ltr'>un</span> <span class='ocrx_word' id='word_1_182' title='bbox 942 3434 1029 3501; x_wconf 71' lang='lat' dir='ltr'>grand</span> <span class='ocrx_word' id='word_1_183' title='bbox 1042 3433 1153 3485; x_wconf 86' lang='lat' dir='ltr'>tableau</span> <span class='ocrx_word' id='word_1_184' title='bbox 1165 3449 1201 3485; x_wconf 91' lang='lat' dir='ltr'>en</span> <span class='ocrx_word' id='word_1_185' title='bbox 1216 3435 1404 3497; x_wconf 61' lang='lat' dir='ltr'>demisercle,</span> <span class='ocrx_word' id='word_1_186' title='bbox 1417 3437 1513 3488; x_wconf 81' lang='lat' dir='ltr'>datam</span> <span class='ocrx_word' id='word_1_187' title='bbox 1526 3438 1561 3489; x_wconf 87' lang='lat' dir='ltr'>de</span> <span class='ocrx_word' id='word_1_188' title='bbox 1576 3438 1637 3491; x_wconf 81' lang='lat'>1611</span> <span class='ocrx_word' id='word_1_189' title='bbox 1652 3448 1680 3492; x_wconf 86' lang='lat' dir='ltr'>et</span> 
     </span>
     <span class='ocr_line' id='line_1_25' title="bbox 540 3520 1683 3594; baseline 0.003 -20"><span class='ocrx_word' id='word_1_190' title='bbox 540 3523 564 3575; x_wconf 78' lang='lat' dir='ltr'>la</span> <span class='ocrx_word' id='word_1_191' title='bbox 577 3524 670 3590; x_wconf 85' lang='lat' dir='ltr'>pierre</span> <span class='ocrx_word' id='word_1_192' title='bbox 680 3522 803 3573; x_wconf 86' lang='lat' dir='ltr'>tombale</span> <span class='ocrx_word' id='word_1_193' title='bbox 811 3522 846 3573; x_wconf 86' lang='lat' dir='ltr'>de</span> <span class='ocrx_word' id='word_1_194' title='bbox 855 3520 1063 3573; x_wconf 73' lang='lat' dir='ltr'>lesu-Bemard</span> <span class='ocrx_word' id='word_1_195' title='bbox 1073 3521 1108 3572; x_wconf 86' lang='lat' dir='ltr'>de</span> <span class='ocrx_word' id='word_1_196' title='bbox 1122 3521 1218 3588; x_wconf 74' lang='lat' dir='ltr'>Wery,</span> <span class='ocrx_word' id='word_1_197' title='bbox 1232 3521 1326 3572; x_wconf 78' lang='lat' dir='ltr'>Nolite</span> <span class='ocrx_word' id='word_1_198' title='bbox 1337 3522 1481 3591; x_wconf 77' lang='lat' dir='ltr'>historiquc</span> <span class='ocrx_word' id='word_1_199' title='bbox 1491 3532 1516 3574; x_wconf 85' lang='lat' dir='ltr'>et</span> <span class='ocrx_word' id='word_1_200' title='bbox 1527 3525 1683 3594; x_wconf 75' lang='lat' dir='ltr'>descriptiue</span> 
     </span>
     <span class='ocr_line' id='line_1_26' title="bbox 538 3606 1427 3675; baseline 0.001 -16"><span class='ocrx_word' id='word_1_201' title='bbox 538 3627 586 3661; x_wconf 80' lang='lat' dir='ltr'>sur</span> <span class='ocrx_word' id='word_1_202' title='bbox 597 3610 749 3660; x_wconf 81' lang='lat' dir='ltr'>l&#39;urrct&#39;enrre</span> <span class='ocrx_word' id='word_1_203' title='bbox 760 3607 854 3665; x_wconf 64' lang='lat' dir='ltr'>rihhart</span> <span class='ocrx_word' id='word_1_204' title='bbox 865 3617 888 3657; x_wconf 83' lang='lat' dir='ltr'>et</span> <span class='ocrx_word' id='word_1_205' title='bbox 900 3607 977 3672; x_wconf 74' lang='lat' dir='ltr'>linse</span> <span class='ocrx_word' id='word_1_206' title='bbox 989 3608 1019 3657; x_wconf 76' lang='lat' dir='ltr'>de</span> <span class='ocrx_word' id='word_1_207' title='bbox 1031 3606 1239 3662; x_wconf 73' lang='lat' dir='ltr'>Salui-Hubert,</span> <span class='ocrx_word' id='word_1_208' title='bbox 1259 3610 1330 3673; x_wconf 82' lang='lat'>1879,</span> <span class='ocrx_word' id='word_1_209' title='bbox 1345 3624 1372 3675; x_wconf 83' lang='lat' dir='ltr'>p.</span> <span class='ocrx_word' id='word_1_210' title='bbox 1390 3624 1427 3660; x_wconf 79' lang='grc' dir='ltr'>ιι.</span> 
     </span>
    </p>

    <p class='ocr_par' dir='ltr' id='par_1_7' title="bbox 539 3694 1736 3847">
     <span class='ocr_line' id='line_1_27' title="bbox 572 3694 1736 3763; baseline 0.006 -16"><span class='ocrx_word' id='word_1_211' title='bbox 572 3702 582 3742; x_wconf 82' lang='lat'>³</span> <span class='ocrx_word' id='word_1_212' title='bbox 601 3694 676 3747; x_wconf 85' lang='lat' dir='ltr'>Dans</span> <span class='ocrx_word' id='word_1_213' title='bbox 693 3695 798 3763; x_wconf 77' lang='lat' dir='ltr'>l&#39;eglise</span> <span class='ocrx_word' id='word_1_214' title='bbox 815 3694 936 3745; x_wconf 84' lang='lat' dir='ltr'>actuelle</span> <span class='ocrx_word' id='word_1_215' title='bbox 948 3711 985 3744; x_wconf 87' lang='lat' dir='ltr'>on</span> <span class='ocrx_word' id='word_1_216' title='bbox 1000 3695 1057 3745; x_wconf 83' lang='lat' dir='ltr'>voit</span> <span class='ocrx_word' id='word_1_217' title='bbox 1070 3709 1184 3753; x_wconf 80' lang='lat' dir='ltr'>encore,</span> <span class='ocrx_word' id='word_1_218' title='bbox 1197 3697 1212 3744; x_wconf 77' lang='lat' dir='ltr'>a</span> <span class='ocrx_word' id='word_1_219' title='bbox 1223 3696 1330 3761; x_wconf 82' lang='lat' dir='ltr'>gauche</span> <span class='ocrx_word' id='word_1_220' title='bbox 1342 3694 1377 3745; x_wconf 78' lang='lat' dir='ltr'>dt·</span> <span class='ocrx_word' id='word_1_221' title='bbox 1390 3695 1516 3757; x_wconf 73' lang='lat' dir='ltr'>l&#39;entree,</span> <span class='ocrx_word' id='word_1_222' title='bbox 1530 3713 1569 3749; x_wconf 90' lang='lat' dir='ltr'>un</span> <span class='ocrx_word' id='word_1_223' title='bbox 1582 3713 1680 3751; x_wconf 82' lang='lat' dir='ltr'>moitu-</span> <span class='ocrx_word' id='word_1_224' title='bbox 1706 3704 1736 3755; x_wconf 80' lang='lat'>⁸5</span> 
     </span>
     <span class='ocr_line' id='line_1_28' title="bbox 539 3779 1477 3847; baseline -0.001 -13"><span class='ocrx_word' id='word_1_225' title='bbox 539 3794 614 3834; x_wconf 88' lang='lat' dir='ltr'>ment</span> <span class='ocrx_word' id='word_1_226' title='bbox 628 3799 662 3833; x_wconf 90' lang='lat' dir='ltr'>en</span> <span class='ocrx_word' id='word_1_227' title='bbox 678 3781 788 3833; x_wconf 82' lang='lat' dir='ltr'>marbre</span> <span class='ocrx_word' id='word_1_228' title='bbox 801 3780 994 3847; x_wconf 68' lang='lat' dir='ltr'>representant</span> <span class='ocrx_word' id='word_1_229' title='bbox 1008 3779 1033 3830; x_wconf 86' lang='lat' dir='ltr'>la</span> <span class='ocrx_word' id='word_1_230' title='bbox 1047 3782 1117 3830; x_wconf 88' lang='lat' dir='ltr'>mise</span> <span class='ocrx_word' id='word_1_231' title='bbox 1129 3780 1166 3831; x_wconf 93' lang='lat' dir='ltr'>du</span> <span class='ocrx_word' id='word_1_232' title='bbox 1182 3780 1274 3831; x_wconf 81' lang='lat' dir='ltr'>Christ</span> <span class='ocrx_word' id='word_1_233' title='bbox 1286 3796 1320 3830; x_wconf 86' lang='lat' dir='ltr'>au</span> <span class='ocrx_word' id='word_1_234' title='bbox 1335 3780 1477 3833; x_wconf 85' lang='lat' dir='ltr'>tombeau.</span> 
     </span>
    </p>

    <p class='ocr_par' dir='ltr' id='par_1_8' title="bbox 531 3865 1738 4707">
     <span class='ocr_line' id='line_1_29' title="bbox 571 3865 1680 3936; baseline 0.005 -18"><span class='ocrx_word' id='word_1_235' title='bbox 571 3878 583 3907; x_wconf 89' lang='lat'>⁴</span> <span class='ocrx_word' id='word_1_236' title='bbox 599 3867 626 3919; x_wconf 89' lang='lat' dir='ltr'>l.</span> <span class='ocrx_word' id='word_1_237' title='bbox 639 3866 764 3926; x_wconf 61' lang='lat' dir='ltr'>iluimus,</span> <span class='ocrx_word' id='word_1_238' title='bbox 776 3866 817 3916; x_wconf 79' lang='lat' dir='ltr'>Lu</span> <span class='ocrx_word' id='word_1_239' title='bbox 826 3867 971 3931; x_wconf 79' lang='lat' dir='ltr'>sculpture,</span> <span class='ocrx_word' id='word_1_240' title='bbox 986 3882 1012 3931; x_wconf 86' lang='lat' dir='ltr'>p.</span> <span class='ocrx_word' id='word_1_241' title='bbox 1026 3881 1051 3931; x_wconf 87' lang='lat'>9,</span> <span class='ocrx_word' id='word_1_242' title='bbox 1068 3866 1173 3917; x_wconf 82' lang='lat' dir='ltr'>traduit</span> <span class='ocrx_word' id='word_1_243' title='bbox 1187 3883 1193 3917; x_wconf 66' lang='grc' dir='ltr'><strong><em>ς</em></strong></span> <span class='ocrx_word' id='word_1_244' title='bbox 1209 3886 1222 3913; x_wconf 84' lang='lat'>‹</span> <span class='ocrx_word' id='word_1_245' title='bbox 1235 3865 1258 3917; x_wconf 91' lang='lat' dir='ltr'>il</span> <span class='ocrx_word' id='word_1_246' title='bbox 1270 3865 1371 3917; x_wconf 75' lang='lat' dir='ltr'>dclaira</span> <span class='ocrx_word' id='word_1_247' title='bbox 1384 3866 1425 3919; x_wconf 84' lang='lat' dir='ltr'>les</span> <span class='ocrx_word' id='word_1_248' title='bbox 1436 3867 1579 3936; x_wconf 71' lang='lat' dir='ltr'>chapelles</span> <span class='ocrx_word' id='word_1_249' title='bbox 1591 3869 1680 3923; x_wconf 70' lang='lat' dir='ltr'>bdties</span> 
     </span>
     <span class='ocr_line' id='line_1_30' title="bbox 538 3951 1678 4021; baseline 0.004 -18"><span class='ocrx_word' id='word_1_250' title='bbox 538 3967 588 4019; x_wconf 79' lang='lat' dir='ltr'>par</span> <span class='ocrx_word' id='word_1_251' title='bbox 606 3952 645 4002; x_wconf 87' lang='lat' dir='ltr'>lui</span> <span class='ocrx_word' id='word_1_252' title='bbox 663 3952 698 4003; x_wconf 80' lang='lat' dir='ltr'>de</span> <span class='ocrx_word' id='word_1_253' title='bbox 717 3952 838 4002; x_wconf 65' lang='lat' dir='ltr'>londin-s</span> <span class='ocrx_word' id='word_1_254' title='bbox 861 3951 897 4001; x_wconf 77' lang='lat' dir='ltr'>dt·</span> <span class='ocrx_word' id='word_1_255' title='bbox 919 3951 944 4001; x_wconf 81' lang='lat' dir='ltr'>la</span> <span class='ocrx_word' id='word_1_256' title='bbox 963 3951 1027 4017; x_wconf 82' lang='lat' dir='ltr'>plus</span> <span class='ocrx_word' id='word_1_257' title='bbox 1044 3952 1149 4018; x_wconf 78' lang='lat' dir='ltr'>grande</span> <span class='ocrx_word' id='word_1_258' title='bbox 1167 3951 1313 4003; x_wconf 72' lang='lat' dir='ltr'>beaute...</span> <span class='ocrx_word' id='word_1_259' title='bbox 1331 3972 1344 3999; x_wconf 64' lang='lat' dir='ltr'>s</span> <span class='ocrx_word' id='word_1_260' title='bbox 1367 3952 1475 4021; x_wconf 78' lang='lat' dir='ltr'>hlalgre</span> <span class='ocrx_word' id='word_1_261' title='bbox 1496 3964 1540 4006; x_wconf 89' lang='lat' dir='ltr'>cet</span> <span class='ocrx_word' id='word_1_262' title='bbox 1560 3956 1621 4009; x_wconf 78' lang='lat' dir='ltr'>aris</span> <span class='ocrx_word' id='word_1_263' title='bbox 1640 3955 1678 4008; x_wconf 91' lang='lat' dir='ltr'>du</span> 
     </span>
     <span class='ocr_line' id='line_1_31' title="bbox 538 4038 1678 4112; baseline 0.004 -23"><span class='ocrx_word' id='word_1_264' title='bbox 538 4050 633 4090; x_wconf 72' lang='lat' dir='ltr'>suvant</span> <span class='ocrx_word' id='word_1_265' title='bbox 653 4038 849 4103; x_wconf 75' lang='lat' dir='ltr'>archi-ologue,</span> <span class='ocrx_word' id='word_1_266' title='bbox 865 4038 883 4088; x_wconf 94' lang='lat' dir='ltr'>il</span> <span class='ocrx_word' id='word_1_267' title='bbox 896 4054 967 4090; x_wconf 80' lang='lat' dir='ltr'>nous</span> <span class='ocrx_word' id='word_1_268' title='bbox 986 4040 1073 4104; x_wconf 75' lang='lat' dir='ltr'>parsit</span> <span class='ocrx_word' id='word_1_269' title='bbox 1091 4038 1205 4089; x_wconf 79' lang='lat' dir='ltr'>dillicilt·</span> <span class='ocrx_word' id='word_1_270' title='bbox 1217 4040 1252 4091; x_wconf 83' lang='lat' dir='ltr'>de</span> <span class='ocrx_word' id='word_1_271' title='bbox 1265 4056 1300 4090; x_wconf 89' lang='lat' dir='ltr'>ne</span> <span class='ocrx_word' id='word_1_272' title='bbox 1314 4056 1362 4103; x_wconf 80' lang='lat' dir='ltr'>pas</span> <span class='ocrx_word' id='word_1_273' title='bbox 1374 4041 1488 4092; x_wconf 75' lang='lat' dir='ltr'>decidet</span> <span class='ocrx_word' id='word_1_274' title='bbox 1503 4040 1572 4109; x_wconf 86' lang='lat' dir='ltr'>qu&#39;il</span> <span class='ocrx_word' id='word_1_275' title='bbox 1588 4042 1678 4112; x_wconf 74' lang='lat' dir='ltr'>s&#39;agit,</span> 
     </span>
     <span class='ocr_line' id='line_1_32' title="bbox 537 4125 1738 4195; baseline 0.004 -18"><span class='ocrx_word' id='word_1_276' title='bbox 537 4126 607 4177; x_wconf 77' lang='lat' dir='ltr'>daus</span> <span class='ocrx_word' id='word_1_277' title='bbox 633 4125 660 4177; x_wconf 88' lang='lat' dir='ltr'>le</span> <span class='ocrx_word' id='word_1_278' title='bbox 687 4135 765 4177; x_wconf 84' lang='lat' dir='ltr'>texte</span> <span class='ocrx_word' id='word_1_279' title='bbox 787 4126 932 4185; x_wconf 80' lang='lat' dir='ltr'>cidessus,</span> <span class='ocrx_word' id='word_1_280' title='bbox 956 4125 991 4176; x_wconf 85' lang='lat' dir='ltr'>de</span> <span class='ocrx_word' id='word_1_281' title='bbox 1014 4136 1141 4182; x_wconf 61' lang='lat' dir='ltr'>rursum</span> <span class='ocrx_word' id='word_1_282' title='bbox 1167 4125 1185 4175; x_wconf 94' lang='lat' dir='ltr'>il</span> <span class='ocrx_word' id='word_1_283' title='bbox 1209 4136 1251 4177; x_wconf 79' lang='lat' dir='ltr'>ost</span> <span class='ocrx_word' id='word_1_284' title='bbox 1277 4128 1335 4177; x_wconf 83' lang='lat' dir='ltr'>vrai</span> <span class='ocrx_word' id='word_1_285' title='bbox 1358 4142 1414 4193; x_wconf 86' lang='lat' dir='ltr'>que</span> <span class='ocrx_word' id='word_1_286' title='bbox 1441 4127 1467 4178; x_wconf 88' lang='lat' dir='ltr'>le</span> <span class='ocrx_word' id='word_1_287' title='bbox 1492 4127 1557 4195; x_wconf 85' lang='lat' dir='ltr'>plus</span> <span class='ocrx_word' id='word_1_288' title='bbox 1579 4130 1678 4181; x_wconf 83' lang='lat' dir='ltr'>ancien</span> <span class='ocrx_word' id='word_1_289' title='bbox 1706 4137 1738 4188; x_wconf 79' lang='lat'>30</span> 
     </span>
     <span class='ocr_line' id='line_1_33' title="bbox 538 4211 1679 4285; baseline 0.004 -22"><span class='ocrx_word' id='word_1_290' title='bbox 538 4213 713 4280; x_wconf 76' lang='lat' dir='ltr'>temoignage</span> <span class='ocrx_word' id='word_1_291' title='bbox 733 4214 849 4271; x_wconf 80' lang='lat' dir='ltr'>certain,</span> <span class='ocrx_word' id='word_1_292' title='bbox 872 4211 966 4264; x_wconf 77' lang='lat' dir='ltr'>relatis</span> <span class='ocrx_word' id='word_1_293' title='bbox 984 4216 999 4262; x_wconf 77' lang='lat' dir='ltr'>h</span> <span class='ocrx_word' id='word_1_294' title='bbox 1020 4212 1045 4262; x_wconf 85' lang='lat' dir='ltr'>la</span> <span class='ocrx_word' id='word_1_295' title='bbox 1067 4213 1198 4278; x_wconf 86' lang='lat' dir='ltr'>peinture</span> <span class='ocrx_word' id='word_1_296' title='bbox 1220 4228 1269 4263; x_wconf 87' lang='lat' dir='ltr'>sur</span> <span class='ocrx_word' id='word_1_297' title='bbox 1290 4227 1371 4264; x_wconf 85' lang='lat' dir='ltr'>verre</span> <span class='ocrx_word' id='word_1_298' title='bbox 1390 4229 1424 4264; x_wconf 84' lang='lat' dir='ltr'>au</span> <span class='ocrx_word' id='word_1_299' title='bbox 1444 4229 1512 4281; x_wconf 79' lang='lat' dir='ltr'>pays</span> <span class='ocrx_word' id='word_1_300' title='bbox 1529 4215 1564 4266; x_wconf 89' lang='lat' dir='ltr'>de</span> <span class='ocrx_word' id='word_1_301' title='bbox 1582 4214 1679 4285; x_wconf 70' lang='lat' dir='ltr'>Litge,</span> 
     </span>
     <span class='ocr_line' id='line_1_34' title="bbox 537 4297 1680 4366; baseline 0.003 -17"><span class='ocrx_word' id='word_1_302' title='bbox 537 4314 573 4351; x_wconf 89' lang='lat' dir='ltr'>ne</span> <span class='ocrx_word' id='word_1_303' title='bbox 596 4302 683 4366; x_wconf 75' lang='lat' dir='ltr'>paruit</span> <span class='ocrx_word' id='word_1_304' title='bbox 709 4314 757 4366; x_wconf 81' lang='lat' dir='ltr'>pas</span> <span class='ocrx_word' id='word_1_305' title='bbox 782 4309 925 4349; x_wconf 78' lang='lat' dir='ltr'>remontcr</span> <span class='ocrx_word' id='word_1_306' title='bbox 945 4314 979 4348; x_wconf 92' lang='lat' dir='ltr'>au</span> <span class='ocrx_word' id='word_1_307' title='bbox 1003 4297 1066 4349; x_wconf 75' lang='lat' dir='ltr'>delii</span> <span class='ocrx_word' id='word_1_308' title='bbox 1086 4297 1123 4348; x_wconf 91' lang='lat' dir='ltr'>du</span> <span class='ocrx_word' id='word_1_309' title='bbox 1147 4297 1229 4348; x_wconf 79' lang='lat' dir='ltr'>xlll·</span> <span class='ocrx_word' id='word_1_310' title='bbox 1249 4298 1347 4357; x_wconf 70' lang='lat' dir='ltr'>siecle,</span> <span class='ocrx_word' id='word_1_311' title='bbox 1374 4315 1438 4366; x_wconf 55' lang='grc' dir='ltr'>νος.</span> <span class='ocrx_word' id='word_1_312' title='bbox 1464 4300 1613 4361; x_wconf 67' lang='lat' dir='ltr'>illiciunt,</span> <span class='ocrx_word' id='word_1_313' title='bbox 1638 4300 1680 4353; x_wconf 71' lang='lat' dir='ltr'>La</span> 
     </span>
     <span class='ocr_line' id='line_1_35' title="bbox 533 4384 1682 4454; baseline 0.004 -20"><span class='ocrx_word' id='word_1_314' title='bbox 533 4388 716 4454; x_wconf 69' lang='lat' dir='ltr'>pelnrure...,</span> <span class='ocrx_word' id='word_1_315' title='bbox 742 4403 768 4453; x_wconf 79' lang='lat' dir='ltr'>p,</span> <span class='ocrx_word' id='word_1_316' title='bbox 792 4386 837 4449; x_wconf 67' lang='lat' dir='ltr'>pi:</span> <span class='ocrx_word' id='word_1_317' title='bbox 861 4385 878 4437; x_wconf 88' lang='lat' dir='ltr'>rl</span> <span class='ocrx_word' id='word_1_318' title='bbox 897 4396 939 4435; x_wconf 81' lang='lat' dir='ltr'>est</span> <span class='ocrx_word' id='word_1_319' title='bbox 962 4386 1028 4435; x_wconf 83' lang='lat' dir='ltr'>hors</span> <span class='ocrx_word' id='word_1_320' title='bbox 1048 4384 1083 4435; x_wconf 86' lang='lat' dir='ltr'>de</span> <span class='ocrx_word' id='word_1_321' title='bbox 1104 4385 1191 4435; x_wconf 84' lang='lat' dir='ltr'>doute.</span> <span class='ocrx_word' id='word_1_322' title='bbox 1209 4396 1341 4451; x_wconf 87' lang='lat' dir='ltr'>pourtant</span> <span class='ocrx_word' id='word_1_323' title='bbox 1359 4401 1415 4452; x_wconf 88' lang='lat' dir='ltr'>que</span> <span class='ocrx_word' id='word_1_324' title='bbox 1431 4385 1493 4437; x_wconf 84' lang='lat' dir='ltr'>l&#39;art</span> <span class='ocrx_word' id='word_1_325' title='bbox 1513 4386 1551 4437; x_wconf 91' lang='lat' dir='ltr'>du</span> <span class='ocrx_word' id='word_1_326' title='bbox 1573 4388 1682 4440; x_wconf 81' lang='lat' dir='ltr'>vertier</span> 
     </span>
     <span class='ocr_line' id='line_1_36' title="bbox 537 4469 1681 4540; baseline 0.003 -19"><span class='ocrx_word' id='word_1_327' title='bbox 537 4482 579 4521; x_wconf 79' lang='lat' dir='ltr'>est</span> <span class='ocrx_word' id='word_1_328' title='bbox 597 4472 660 4537; x_wconf 86' lang='lat' dir='ltr'>plus</span> <span class='ocrx_word' id='word_1_329' title='bbox 675 4488 785 4529; x_wconf 72' lang='lat' dir='ltr'>ancre-n,</span> <span class='ocrx_word' id='word_1_330' title='bbox 802 4482 828 4520; x_wconf 75' lang='lat' dir='ltr'>ct</span> <span class='ocrx_word' id='word_1_331' title='bbox 847 4486 902 4537; x_wconf 86' lang='lat' dir='ltr'>que</span> <span class='ocrx_word' id='word_1_332' title='bbox 919 4470 945 4519; x_wconf 84' lang='lat' dir='ltr'>le</span> <span class='ocrx_word' id='word_1_333' title='bbox 963 4469 1131 4520; x_wconf 69' lang='lat' dir='ltr'>x110sreclt·</span> <span class='ocrx_word' id='word_1_334' title='bbox 1148 4486 1219 4520; x_wconf 82' lang='lat' dir='ltr'>nous</span> <span class='ocrx_word' id='word_1_335' title='bbox 1235 4486 1270 4521; x_wconf 88' lang='lat' dir='ltr'>cn</span> <span class='ocrx_word' id='word_1_336' title='bbox 1287 4487 1302 4521; x_wconf 87' lang='lat' dir='ltr'>a</span> <span class='ocrx_word' id='word_1_337' title='bbox 1318 4470 1399 4523; x_wconf 72' lang='lat' dir='ltr'>luisse</span> <span class='ocrx_word' id='word_1_338' title='bbox 1416 4472 1451 4522; x_wconf 87' lang='lat' dir='ltr'>de</span> <span class='ocrx_word' id='word_1_339' title='bbox 1471 4472 1681 4540; x_wconf 77' lang='lat' dir='ltr'>remarquables</span> 
     </span>
     <span class='ocr_line' id='line_1_37' title="bbox 537 4553 1736 4623; baseline 0.004 -17"><span class='ocrx_word' id='word_1_340' title='bbox 537 4558 706 4621; x_wconf 48' lang='lat' dir='ltr'>aleelmi-ns:</span> <span class='ocrx_word' id='word_1_341' title='bbox 726 4572 791 4623; x_wconf 74' lang='lat' dir='ltr'>vuy.</span> <span class='ocrx_word' id='word_1_342' title='bbox 807 4553 1072 4614; x_wconf 75' lang='lat' dir='ltr'>l&#39;101.r.i·.t-ua·l)t&#39;c·,</span> <span class='ocrx_word' id='word_1_343' title='bbox 1091 4554 1279 4605; x_wconf 81' lang='lat' dir='ltr'>Dictionmu&#39;rc</span> <span class='ocrx_word' id='word_1_344' title='bbox 1295 4559 1419 4607; x_wconf 76' lang='lat' dir='ltr'>raisonnl</span> <span class='ocrx_word' id='word_1_345' title='bbox 1435 4558 1464 4606; x_wconf 84' lang='lat' dir='ltr'>de</span> <span class='ocrx_word' id='word_1_346' title='bbox 1480 4558 1492 4605; x_wconf 86' lang='lat' dir='ltr'>l</span> <span class='ocrx_word' id='word_1_347' title='bbox 1498 4557 1681 4610; x_wconf 75' lang='lat' dir='ltr'>&#39;archilxtm</span> <span class='ocrx_word' id='word_1_348' title='bbox 1706 4571 1736 4623; x_wconf 71' lang='lat'>35</span> 
     </span>
     <span class='ocr_line' id='line_1_38' title="bbox 531 4641 1289 4707; baseline 0.003 -14"><span class='ocrx_word' id='word_1_349' title='bbox 531 4647 671 4707; x_wconf 67' lang='lat' dir='ltr'>Jrurrsur‘se</span> <span class='ocrx_word' id='word_1_350' title='bbox 682 4645 717 4694; x_wconf 79' lang='lat' dir='ltr'>du</span> <span class='ocrx_word' id='word_1_351' title='bbox 732 4642 785 4693; x_wconf 59' lang='lat' dir='ltr'>lle</span> <span class='ocrx_word' id='word_1_352' title='bbox 796 4661 831 4693; x_wconf 80' lang='lat' dir='ltr'>uu</span> <span class='ocrx_word' id='word_1_353' title='bbox 845 4642 927 4693; x_wconf 73' lang='lat' dir='ltr'>Xll&#39;·</span> <span class='ocrx_word' id='word_1_354' title='bbox 940 4642 1021 4698; x_wconf 80' lang='lat' dir='ltr'>ue&#39;cle,</span> <span class='ocrx_word' id='word_1_355' title='bbox 1038 4651 1058 4693; x_wconf 91' lang='lat' dir='ltr'>t.</span> <span class='ocrx_word' id='word_1_356' title='bbox 1075 4641 1123 4703; x_wconf 70' lang='lat' dir='ltr'>lx,</span> <span class='ocrx_word' id='word_1_357' title='bbox 1137 4651 1167 4692; x_wconf 80' lang='grc' dir='ltr'>νο</span> <span class='ocrx_word' id='word_1_358' title='bbox 1178 4643 1289 4695; x_wconf 88' lang='lat' dir='ltr'>Vitrail.</span> 
     </span>
    </p>

    <p class='ocr_par' dir='ltr' id='par_1_9' title="bbox 573 4728 1332 4796">
     <span class='ocr_line' id='line_1_39' title="bbox 573 4728 1332 4796; baseline 0.001 -16"><span class='ocrx_word' id='word_1_359' title='bbox 573 4736 581 4771; x_wconf 69' lang='lat' dir='ltr'>t</span> <span class='ocrx_word' id='word_1_360' title='bbox 602 4729 692 4780; x_wconf 84' lang='lat' dir='ltr'>ilenrr</span> <span class='ocrx_word' id='word_1_361' title='bbox 704 4731 739 4780; x_wconf 79' lang='lat' dir='ltr'>ile</span> <span class='ocrx_word' id='word_1_362' title='bbox 753 4730 877 4785; x_wconf 80' lang='lat' dir='ltr'>Vordun,</span> <span class='ocrx_word' id='word_1_363' title='bbox 893 4746 957 4796; x_wconf 74' lang='lat' dir='ltr'>roy.</span> <span class='ocrx_word' id='word_1_364' title='bbox 970 4728 1115 4789; x_wconf 75' lang='lat' dir='ltr'>crdcssus,</span> <span class='ocrx_word' id='word_1_365' title='bbox 1130 4745 1158 4796; x_wconf 86' lang='lat' dir='ltr'>p.</span> <span class='ocrx_word' id='word_1_366' title='bbox 1172 4729 1212 4790; x_wconf 82' lang='lat'>26,</span> <span class='ocrx_word' id='word_1_367' title='bbox 1228 4741 1294 4781; x_wconf 88' lang='lat' dir='ltr'>note</span> <span class='ocrx_word' id='word_1_368' title='bbox 1309 4745 1332 4794; x_wconf 77' lang='lat'>3.</span> 
     </span>
    </p>

    <p class='ocr_par' dir='ltr' id='par_1_10' title="bbox 535 4815 1678 4971">
     <span class='ocr_line' id='line_1_40' title="bbox 570 4815 1678 4886; baseline 0.006 -20"><span class='ocrx_word' id='word_1_369' title='bbox 570 4820 582 4851; x_wconf 61' lang='grc' dir='ltr'><strong>ὑ</strong></span> <span class='ocrx_word' id='word_1_370' title='bbox 601 4815 623 4866; x_wconf 94' lang='lat' dir='ltr'>ll</span> <span class='ocrx_word' id='word_1_371' title='bbox 643 4817 688 4883; x_wconf 74' lang='lat' dir='ltr'>n&#39;y</span> <span class='ocrx_word' id='word_1_372' title='bbox 707 4833 722 4867; x_wconf 85' lang='lat' dir='ltr'>a</span> <span class='ocrx_word' id='word_1_373' title='bbox 739 4833 786 4883; x_wconf 82' lang='lat' dir='ltr'>pas</span> <span class='ocrx_word' id='word_1_374' title='bbox 802 4817 935 4868; x_wconf 61' lang='lat' dir='ltr'>uhi-tent</span> <span class='ocrx_word' id='word_1_375' title='bbox 952 4817 987 4867; x_wconf 82' lang='lat' dir='ltr'>de</span> <span class='ocrx_word' id='word_1_376' title='bbox 1003 4831 1035 4867; x_wconf 88' lang='lat' dir='ltr'>ce</span> <span class='ocrx_word' id='word_1_377' title='bbox 1051 4831 1116 4867; x_wconf 89' lang='lat' dir='ltr'>nom</span> <span class='ocrx_word' id='word_1_378' title='bbox 1133 4820 1148 4867; x_wconf 76' lang='lat' dir='ltr'>t</span> <span class='ocrx_word' id='word_1_379' title='bbox 1166 4826 1240 4869; x_wconf 84' lang='lat' dir='ltr'>cette</span> <span class='ocrx_word' id='word_1_380' title='bbox 1259 4818 1378 4886; x_wconf 64' lang='lat' dir='ltr'>ornique.</span> <span class='ocrx_word' id='word_1_381' title='bbox 1398 4817 1470 4870; x_wconf 66' lang='lat' dir='ltr'>,blais</span> <span class='ocrx_word' id='word_1_382' title='bbox 1488 4834 1561 4871; x_wconf 87' lang='lat' dir='ltr'>nous</span> <span class='ocrx_word' id='word_1_383' title='bbox 1580 4819 1678 4883; x_wconf 79' lang='lat' dir='ltr'>lisom,</span> 
     </span>
     <span class='ocr_line' id='line_1_41' title="bbox 535 4901 1678 4971; baseline 0.006 -17"><span class='ocrx_word' id='word_1_384' title='bbox 535 4902 605 4954; x_wconf 81' lang='lat' dir='ltr'>dms</span> <span class='ocrx_word' id='word_1_385' title='bbox 618 4901 823 4954; x_wconf 78' lang='lat' dir='ltr'>l&#39;Olr&#39;ruairede</span> <span class='ocrx_word' id='word_1_386' title='bbox 837 4903 862 4954; x_wconf 85' lang='lat' dir='ltr'>la</span> <span class='ocrx_word' id='word_1_387' title='bbox 874 4902 1034 4955; x_wconf 69' lang='lat' dir='ltr'>cathedrale</span> <span class='ocrx_word' id='word_1_388' title='bbox 1051 4902 1277 4956; x_wconf 67' lang='lat' dir='ltr'>saint-lambert</span> <span class='ocrx_word' id='word_1_389' title='bbox 1295 4908 1310 4955; x_wconf 72' lang='lat' dir='ltr'>a</span> <span class='ocrx_word' id='word_1_390' title='bbox 1330 4904 1415 4971; x_wconf 72' lang='lat' dir='ltr'>Lioge</span> <span class='ocrx_word' id='word_1_391' title='bbox 1434 4905 1598 4971; x_wconf 76' lang='lat' dir='ltr'>(Corum.</span> <span class='ocrx_word' id='word_1_392' title='bbox 1615 4905 1678 4962; x_wconf 72' lang='lat' dir='ltr'>uel.</span> 
     </span>
    </p>
   </div>
   <div class='ocr_carea' id='block_1_6' title="bbox 0 0 2230 6118">
    <p class='ocr_par' dir='ltr' id='par_1_11' title="bbox 0 0 2230 6118">
     <span class='ocr_line' id='line_1_42' title="bbox 0 0 2230 6118; baseline 0 0"><span class='ocrx_word' id='word_1_393' title='bbox 0 0 2230 6118; x_wconf 95' lang='lat' dir='ltr'> </span> 
     </span>
    </p>
   </div>
  </div>
 </body>
</html>
