4450 6125
785 863 939 947 Sancti
969 865 1182 998 Huberti.
1471 870 1551 980 237

413 1166 532 1220 autem
549 1159 706 1235 Rainero,
723 1160 783 1243 qui
801 1162 939 1223 Urbano
951 1161 986 1222 in
1001 1161 1241 1241 pontificatum
1258 1163 1420 1224 successit
1432 1163 1453 1233 ¹,
1470 1172 1554 1225 tunc

412 1257 555 1338 quidem
594 1259 700 1323 dilata
738 1270 789 1323 est
824 1262 992 1324 sententia
1032 1261 1137 1343 hujus
1177 1264 1552 1335 excommunicationis,

419 1368 590 1431 <cum>⁶
605 1380 713 1443 usque
730 1362 766 1424 in
785 1363 878 1424 diem
894 1364 985 1425 inter
1001 1374 1165 1447 utrosque
1181 1365 1361 1445 prestitute
1375 1364 1554 1426 discussio-

414 1461 516 1536 nis,si
528 1463 615 1524 torte
626 1463 1115 1526 advenienteWiredocertior
1127 1463 1366 1546 fieretageuda
1378 1465 1552 1526 discussio.

373 1588 386 1639 5
415 1561 475 1623 lllo
502 1562 597 1623 domi
624 1574 834 1638 remanente,
862 1565 1025 1644 probatus
1050 1573 1111 1638 est,
1128 1564 1235 1647 'quasi
1260 1566 1418 1627 conscius
1443 1565 1553 1644 culpe,

412 1663 606 1726 condictam
626 1665 688 1726 sibi
704 1665 916 1727 audientiam
933 1664 1189 1747 subterfugisse.
1211 1666 1289 1728 Ideo
1303 1667 1339 1727 in
1355 1666 1554 1746 sollempni·
1604 1674 1676 1737 1098,

411 1764 885 1839 tateOmniumSanctorum,
896 1767 1252 1829 excommunicatione
1264 1785 1282 1828 a
1296 1785 1383 1846 papa
1395 1765 1552 1840 formata,
1579 1745 1615 1787 ¹⁰¹
1632 1753 1699 1790 ‘'⁰'‘

410 1874 443 1927 et
458 1866 537 1928 data
552 1883 667 1926 coram
685 1885 719 1928 se
734 1865 888 1944 ejusdem
904 1867 1269 1929 excommunicationis
1284 1867 1426 1946 epistola
1443 1884 1450 1928 :

454 1966 609 2027 Urbanus
643 1967 812 2045 episcopus
844 1985 957 2028 servus
989 1986 1159 2027 servorum
1198 1968 1267 2038 Dei,
1304 1968 1554 2029 Arduennensis

356 2093 386 2129 10
411 2068 604 2128 monasterii
617 2068 702 2128 beati
718 2067 860 2128 Huberti
874 2068 1042 2129 catholicis
1061 2067 1239 2145 fratribus,
1256 2069 1438 2128 salutemet
1459 2087 1554 2139 apos·

412 2168 543 2228 tolicam
575 2168 837 2229 benedictionem.
865 2168 1081 2241 Audivimus,
1109 2174 1137 2229 ct
1166 2168 1321 2228 auditum
1350 2186 1417 2228 non
1447 2168 1555 2229 dolere

413 2287 478 2329 non
497 2287 681 2344 possumus,
700 2272 779 2347 quia
796 2268 924 2329 Otherti
945 2269 1226 2346 pseudo-episcopi
1248 2269 1403 2329 violentia
1425 2287 1555 2330 venera-

411 2370 486 2432 bilis
494 2368 593 2445 filius
609 2377 718 2430 noster
736 2369 951 2431 Theodericus
966 2374 1068 2431 vester
1089 2370 1200 2444 abbas,
1219 2388 1281 2448 pro
1301 2371 1457 2430 catholice
1469 2356 1574 2445 fidei*

411 2472 525 2550 gratia
547 2471 585 2530 de
606 2477 710 2531 vestro
725 2472 768 2530 sit
784 2473 983 2531 monasterio
1004 2480 1176 2546 expulsus.
1193 2476 1223 2530 et
1243 2471 1397 2530 Wircdus
1417 2472 1554 2548 pseudo-

357 2596 384 2647 15
412 2571 592 2630 monachus
607 2589 665 2647 per
679 2571 821 2647 ejusdem
841 2571 967 2632 Otherli
980 2571 1181 2640 violenliam,
1198 2589 1297 2646 super
1317 2572 1552 2646 capitaxvestra

411 2672 453 2730 sit
476 2671 644 2748 ingestum·
666 2671 753 2748 quod
774 2670 910 2730 omnino
932 2670 1027 2730 nobis
1048 2670 1221 2747 displicere
1241 2671 1362 2732 sciatis.
1383 2670 1475 2732 Unde
1497 2690 1552 2732 vos

411 2769 530 2829 litteris
563 2768 766 2841 presentibus
797 2769 986 2840 salutantes,
1021 2777 1059 2829 ut
1090 2777 1192 2829 vestre
1218 2767 1301 2846 fidei
1332 2771 1552 2832 constantiam

409 2872 603 2930 conservetis
625 2871 817 2944 hortamur;
831 2877 861 2929 et
876 2870 1041 2929 licentiam
1059 2870 1229 2948 indulgeo,
1248 2875 1283 2930 ut
1298 2871 1328 2929 si
1343 2871 1378 2930 in
1393 2877 1552 2932 monaste-

409 2972 461 3030 rio
486 2976 593 3030 vestro
617 2972 795 3030 secundum
820 2970 904 3030 beati
926 2970 1092 3031 Benedicti
1114 2971 1268 3049 regulam
1289 2977 1319 3032 et
1340 2973 1550 3047 apostolicam

352 3100 384 3140 zo
410 3077 576 3132 veritatem
612 3076 718 3132 vivere
753 3091 818 3132 non
855 3072 979 3147 valetis,
1013 3073 1055 3132 ad
1091 3073 1319 3152 quodcumque
1355 3075 1549 3151 religiosum

408 3174 579 3234 volueritis
615 3176 851 3233 monaslerium
886 3173 1053 3245 secedatis,
1088 3174 1189 3232 donec
1223 3175 1428 3244 omnipotens
1464 3174 1550 3235 Deus

407 3275 515 3335 locum
532 3280 675 3335 vestrum
692 3276 855 3350 respiciat,
872 3279 901 3334 et
915 3274 1096 3334 secundum
1115 3275 1192 3335 bene
1213 3275 1369 3349 placitum
1392 3293 1491 3333 sunm
1513 3276 1549 3334 in

404 3377 549 3452 pristino
574 3383 663 3436 statu
689 3376 856 3453 reformet.
886 3375 987 3436 Illum
1013 3380 1121 3435 autem
1153 3374 1326 3434 Wiredum
1356 3377 1550 3436 monasterii

404 3479 505 3537 vestri
515 3478 709 3549 invasorem,
720 3496 794 3537 cum
806 3478 876 3537 suis
887 3477 1040 3538 omnibus
1053 3476 1207 3551 subditis,
1217 3477 1378 3555 quamdiu
1389 3476 1431 3537 ah
1442 3478 1547 3553 ipsius

350 3608 377 3658 25
405 3581 599 3638 monasterii
622 3580 790 3639 invasione
811 3597 877 3639 non
892 3578 1064 3648 destiterit,
1082 3596 1101 3638 a
1117 3583 1227 3637 sancta
1244 3576 1392 3637 Romana
1414 3578 1546 3639 ecclesia

403 3681 723 3740 excommunicatum
736 3699 812 3751 esse,
829 3681 960 3750 scriptis
976 3679 1064 3740 vobis
1080 3678 1284 3756 presentibus
1300 3681 1544 3742 innotescimus.

402 3779 593 3843 Datum...⁶

443 3945 502 4004 92.
519 3944 619 4013 (120.)
637 3941 728 4002 Misit
740 3941 844 4003 etiam
861 3941 1019 4003 Urbanus
1032 3959 1120 4022 papa
1134 3942 1312 4004 Leodiensi
1323 3940 1469 4016 ecclesie,
1485 3960 1545 4021 per

403 4041 665 4114 Theodericum,
682 4042 769 4103 hanc
783 4043 962 4122 epistolam
979 4061 987 4103 t

350 4167 379 4216 ³0
447 4142 599 4203 Urbanus
614 4144 783 4219 episcopus
797 4161 910 4203 servus
924 4161 1096 4203 servorum
1111 4143 1184 4217 Dei,
1201 4144 1370 4204 catholicis
1391 4143 1542 4205 omnibus

403 4243 437 4302 in
453 4243 538 4303 clero
553 4243 726 4304 Leodiensi
739 4250 769 4303 et
783 4243 915 4322 populo,
928 4242 1068 4303 salutern
1082 4249 1112 4302 et
1123 4244 1336 4318 apostoticam
1349 4244 1542 4305 benedictio-

401 4360 485 4403 nem.
512 4343 666 4403 Dolemus
680 4361 741 4419 pro
759 4344 1021 4421 ineleganter,
1032 4339 1106 4418 filii
1120 4343 1156 4401 in
1173 4341 1307 4403 Christo
1321 4344 1539 4417 dilectissimi,

433 4522 460 4559 a.
478 4521 542 4559 cum
554 4523 581 4556 se
590 4522 649 4556 sera
658 4505 739 4573 glisst
750 4506 816 4556 dans
828 4506 852 4556 A
861 4510 917 4574 par
929 4506 1115 4557 inadvertance
1126 4505 1163 4556 du
1174 4504 1266 4556 scribe.
1280 4534 1313 4543 —
1330 4505 1353 4558 l.
1372 4495 1429 4559 nai
1439 4509 1476 4561 A.

435 4768 443 4795 ¹
461 4760 619 4817 Rainerius,
641 4775 711 4827 pape
728 4773 795 4812 sous
813 4760 840 4811 lc
857 4772 925 4811 nom
942 4758 978 4810 de
996 4757 1091 4810 Pascal
1108 4758 1146 4822 11,
1163 4758 1199 4811 de
1218 4773 1281 4825 1099
1296 4762 1312 4811 h
1330 4761 1407 4823 11185
1427 4776 1492 4828 voy.
1510 4776 1539 4812 sa

343 4858 372 4909 35
402 4847 447 4899 vie
462 4848 530 4899 dans
548 4847 719 4909 Mutuom,
738 4845 844 4897 Rerum
861 4845 1018 4897 italicarum
1034 4846 1184 4910 scriptores,
1199 4854 1219 4898 t.
1234 4846 1286 4910 111,
1300 4863 1328 4914 p.
1342 4847 1365 4911 1,
1383 4863 1431 4914 pp.
1446 4860 1493 4912 354
1510 4857 1538 4900 et

403 4933 474 4989 suiv.
486 4933 546 4988 Ctr.
557 4934 747 4996 CinocomuS,
759 4949 836 4987 vnn.
850 4935 909 4991 citt,
925 4942 946 4987 t.
960 4932 982 4995 1,
995 4931 1050 4987 col.
1062 4933 1111 4999 899
1123 4941 1152 4985 et
1164 4935 1237 4986 suiv.
