4450 6125
843 857 998 940 Sancti
1027 860 1238 943 Huberli.
1549 897 1625 979 119

480 1155 645 1231 permitto,
658 1155 830 1234 ipsumque
844 1161 986 1217 montem
1000 1175 1074 1217 cum
1091 1159 1249 1219 cornilolu
1260 1166 1290 1221 el
1302 1162 1457 1222 omnibus
1471 1182 1533 1242 que
1543 1169 1621 1225 sunl

479 1255 551 1335 ejus
565 1257 702 1318 dillonis
713 1267 742 1328 ⁶,
756 1257 793 1315 in
806 1262 997 1335 perpetuum
1013 1258 1142 1318 ecclesie
1157 1264 1211 1319 lue
1225 1261 1456 1338 possidendum
1469 1265 1622 1342 legaliter

479 1357 647 1426 contrado,
666 1375 777 1437 meque
792 1362 897 1418 tolum
911 1358 974 1419 libi
987 1357 1112 1433 elfiliis
1129 1359 1196 1419 luis
1210 1362 1325 1439 gratia
1342 1362 1442 1440 liujus
1457 1366 1619 1426 vicrsrtu-

479 1461 570 1519 dinis
584 1460 727 1521 Domino
744 1460 810 1519 Deo
828 1460 1122 1520 commendandum
1144 1462 1334 1536 specialiter
1347 1468 1524 1527 commillo.
1543 1465 1619 1528 Sta-

434 1593 451 1644 5
480 1562 545 1622 tim
573 1562 677 1622 abbas
702 1559 902 1622 lacrimatus
927 1577 988 1639 pre
1014 1562 1143 1640 gaudio
1164 1563 1205 1623 ad
1234 1565 1338 1642 pedes
1359 1568 1433 1640 ejus
1457 1568 1615 1646 procidit,

477 1680 582 1742 quem
597 1661 773 1741 episcopus
784 1670 818 1723 et
832 1661 905 1739 ipse
920 1661 1110 1742 genuflexo
1127 1664 1242 1724 levans
1257 1665 1447 1741 humiliter,
1461 1668 1525 1728 hoc
1536 1686 1617 1730 eum

475 1761 591 1825 fecisse
611 1762 799 1843 castigavit.
825 1763 890 1823 Nec
911 1772 1067 1824 moratus
1087 1765 1203 1834 abbas,
1221 1783 1360 1827 omnem
1383 1778 1546 1829 eventum
1569 1769 1617 1830 rei

477 1864 661 1924 Lamberto
677 1863 811 1941 majori,
828 1881 931 1942 quem
953 1863 994 1923 ad
1014 1872 1166 1924 castrum
1186 1865 1450 1929 custodiendum
1471 1869 1617 1950 relique-

475 1973 546 2034 rat,
573 1963 702 2042 scripto
732 1961 926 2032 mandavit,
953 1968 987 2023 et
1012 1973 1049 2023 ut
1076 1963 1117 2022 ad
1148 1963 1367 2025 evertendam
1396 1965 1616 2029 altitudinem

412 2099 447 2136 10
475 2064 625 2126 Sathane
640 2064 766 2144 quibus
781 2063 912 2124 viribus
928 2072 1040 2142 posset
1055 2063 1298 2143 accingeretur,
1315 2083 1375 2143 per
1386 2066 1616 2129 obedientiam

472 2164 608 2226 indixit.
626 2164 662 2224 ln
674 2164 864 2224 crastinum
876 2181 1014 2225 summo
1027 2181 1128 2223 mane
1140 2164 1282 2224 redditis
1293 2165 1355 2225 sibi
1369 2165 1501 2240 litteris,
1518 2168 1618 2229 Lam-

475 2266 592 2326 bertus
614 2262 780 2326 ascensol
798 2282 886 2344 equo
908 2265 1179 2343 circumquaque
1203 2265 1403 2343 pervolavit,
1425 2274 1459 2327 et
1479 2268 1615 2346 publica

471 2366 646 2427 exactione
661 2383 899 2447 quoscumque
920 2365 1033 2442 potuit
1047 2365 1088 2424 ad
1107 2375 1259 2425 castrum
1275 2367 1479 2446 quantocius
1493 2385 1615 2429 conve·

472 2466 545 2527 nire
560 2466 740 2545 compulit,
762 2475 796 2528 et
817 2484 858 2527 ne
878 2465 956 2546 quis
976 2466 1194 2544 pretenderet
1209 2467 1418 2528 occasionem
1434 2468 1487 2529 vel
1503 2487 1614 2530 remo·

410 2598 442 2650 ¹5
472 2568 572 2628 randi
590 2567 640 2629 vel
655 2567 851 2640 excusandi,
868 2567 963 2628 velut
981 2567 1133 2646 quadam
1152 2567 1323 2629 anxietate
1342 2569 1449 2630 animi
1469 2569 1614 2631 insimu-

471 2670 564 2732 labat
581 2669 760 2731 minaciter
777 2668 1011 2730 necessitatem
1026 2667 1213 2728 instantis⁶
1229 2668 1441 2748 propellendi
1457 2669 1612 2750 periculi,

469 2789 513 2831 ex
528 2772 642 2831 banno
656 2770 804 2849 episcopi
820 2768 1077 2829 ammissionem
1100 2787 1218 2830 rerum
1240 2787 1382 2831 suarum
1402 2771 1613 2849 intemptans

468 2870 627 2952 singulis,
645 2870 709 2932 nisi
724 2870 881 2932 adessent
897 2870 1021 2930 tuende
1039 2870 1227 2931 munitioni
1243 2880 1276 2932 et
1292 2869 1464 2932 firmando
1482 2871 1612 2952 aggeri.

471 2973 594 3033 Emota
619 2971 727 3052 igitur
757 2971 982 3043 rusticorum,
1017 2972 1168 3031 maxime
1202 2989 1282 3032 vero
1315 2972 1612 3051 carpentariorum

406 3105 442 3142 20
470 3074 706 3147 multitudine,
721 3076 805 3135 hora
818 3091 906 3134 nona
925 3073 1128 3135 [ambertus
1139 3075 1181 3133 ad
1195 3080 1346 3135 castrum
1358 3073 1469 3146 rediit,
1483 3075 1613 3135 accinc-

471 3188 595 3257 tusque
616 3175 775 3254 inprimis
797 3193 877 3236 cum
901 3174 1064 3238 iratribus
1079 3174 1208 3235 ibidem
1224 3178 1519 3238 commorantibus
1538 3185 1612 3239 tur-

469 3279 536 3339 rim
551 3275 704 3337 ascendit
715 3274 740 3349 d,
757 3286 789 3337 et
807 3275 869 3335 nisi
887 3277 983 3353 prius
995 3275 1125 3336 videret
1141 3276 1311 3354 dejectum
1327 3275 1400 3355 ejus
1416 3276 1562 3355 apicem,
1576 3296 1611 3339 se

468 3377 612 3440 omnino
634 3396 702 3438 non
724 3386 948 3458 gustaturum
972 3378 1108 3452 juravit.
1127 3375 1266 3437 Videres
1288 3376 1432 3438 rusticos
1453 3378 1611 3456 exemplo

468 3478 541 3559 ejus
551 3478 826 3559 incitatos,quasi
838 3495 873 3538 se
884 3477 976 3555 ipsos
988 3478 1199 3538 vindicantes
1210 3478 1243 3537 in
1258 3477 1438 3556 publicum
1452 3478 1609 3539 ehostem

405 3608 438 3658 ²5
468 3580 577 3642 tocius
591 3579 777 3659 provincie,
791 3579 948 3639 certatim
959 3579 1139 3658 insurgere
1154 3580 1195 3638 ad
1212 3596 1349 3638 summa
1366 3579 1472 3640 turris
1485 3595 1608 3639 convo·

468 3683 588 3752 lantes,
602 3691 732 3743 tectum
744 3698 824 3742 cum
838 3680 993 3742 trabibus
1007 3680 1173 3753 evolvere,
1188 3679 1334 3758 parietes
1345 3680 1503 3758 abruptis
1517 3697 1609 3741 com·

467 3783 614 3865 pagibus
633 3782 835 3851 dissolvere,
860 3781 971 3841 menia
995 3781 1067 3859 ipsa
1090 3799 1170 3841 cum
1196 3779 1466 3859 propugnaculis
1490 3798 1606 3842 eversa

467 3882 623 3945 funditus
643 3900 777 3955 eruere,
799 3892 848 3943 tot
869 3882 1042 3960 impensas
1062 3890 1182 3960 totque
1203 3869 1334 3941 labores
1354 3890 1433 3941 cum
1453 3878 1607 3941 maximo

468 3984 649 4047 collisionis
670 3981 803 4060 fragore
825 3983 860 4042 in
884 3983 976 4043 brevi
999 3981 1200 4043 concidisse.
1223 3979 1386 4061 Sequenti
1409 3979 1490 4042 feria
1513 3994 1607 4042 sexta

406 4112 441 4161 ³0
469 4088 572 4147 abbas
586 4086 629 4147 ab
643 4084 804 4163 episcopo
819 4082 962 4155 rediens,
977 4101 1056 4143 cum
1073 4081 1282 4161 prospiciens
1293 4082 1421 4142 turrim
1435 4100 1503 4142 non
1517 4082 1606 4141 vide-

468 4199 529 4259 ret,
543 4187 634 4249 unde
649 4185 757 4246 videri
773 4184 901 4246 solebat
916 4203 933 4244 a
951 4183 1062 4264 longe,
1076 4182 1265 4261 suspiciens
1280 4182 1316 4242 in
1331 4183 1442 4242 celum
1458 4191 1604 4260 quanto-

466 4288 538 4353 cius
558 4290 601 4348 de
621 4305 710 4368 equo
728 4285 913 4357 descendit,
928 4293 1125 4365 terramque
1147 4281 1396 4344 deosculatusf
1410 4302 1417 4341 ε
1438 4283 1480 4341 Te
1498 4281 1603 4341 Deum

466 4392 656 4460 molamus,
683 4387 903 4449 devotissime
927 4386 1132 4448 decantavit.
1159 4387 1304 4447 Etcum
1330 4384 1540 4465 pervenisset
1561 4383 1602 4443 ad
1666 4402 1669 4408 ·

467 4502 630 4561 castrum,
646 4489 762 4569 ipsum
784 4489 853 4566 jam
876 4487 1008 4548 nudum
1032 4503 1191 4567 aggerem
1215 4486 1342 4563 dejecte
1366 4484 1472 4547 turris
1493 4483 1605 4562 suspi-

404 4616 437 4667 35
467 4602 572 4666 ceret,
589 4592 719 4653 elevata
735 4599 852 4652 contra
866 4607 946 4650 eum
963 4606 1068 4649 manu
1086 4609 1093 4648 :
1117 4588 1282 4648 Dissolvot
1298 4593 1338 4660 te,
1355 4586 1479 4667 inquit,
1498 4586 1605 4647 virtus

466 4693 697 4772 omnipotentis
711 4690 784 4760 Dei,
802 4692 862 4770 qui
876 4695 960 4750 nulu
976 4708 1037 4750 suo
1052 4706 1166 4749 muros
1182 4688 1310 4748 Ilrerr'co
1328 4706 1483 4748 corruere
1501 4687 1604 4765 fecit!

497 4870 523 4902 a.
540 4852 674 4904 dictionis
685 4852 722 4902 A.
735 4878 768 4888 -
780 4848 802 4899 b.
815 4864 945 4901 asscensu
957 4848 993 4899 A.
1004 4877 1037 4886 -
1048 4865 1071 4898 c.
1085 4847 1193 4899 necessi
1205 4847 1356 4898 instantem
1366 4846 1403 4899 A.
1414 4874 1447 4884 —
1459 4847 1484 4899 d.
1495 4860 1603 4897 asscen-

463 4940 506 4991 dit
518 4940 556 4990 A.
568 4965 603 4976 -
614 4954 636 4991 e.
648 4936 805 5006 plublicum
819 4935 855 4987 A.
869 4935 935 5001 —f.
948 4934 1129 4987 deosculatur
1140 4934 1178 4985 Α.
