4450 6125
911 824 1065 906 Sancti
1095 823 1305 905 Huberti.
1615 825 1684 907 161

553 1118 722 1182 sententia
744 1119 946 1181 revellerent
967 1130 1000 1180 et
1025 1119 1134 1179 errori
1160 1136 1222 1181 suo
1246 1119 1351 1197 hujus
1376 1118 1511 1181 timoris
1541 1120 1693 1200 impulsu

553 1219 769 1281 inclinarent.
788 1218 966 1280 Fratribus
981 1226 1178 1280 constanter
1194 1220 1456 1297 persistentibus
1470 1230 1503 1282 et
1518 1221 1585 1282 illis
1600 1239 1694 1283 corn-

557 1320 732 1382 municare
747 1320 800 1381 vel
815 1321 851 1381 in
867 1320 1105 1398 respondendo
1124 1320 1331 1394 nolentibus
1351 1321 1530 1400 populares
1551 1322 1693 1403 quique,

558 1421 674 1483 audita
704 1417 904 1499 hujusmodi
933 1421 1213 1494 comminatione,
1248 1421 1407 1482 abbatem
1442 1431 1477 1483 et
1511 1423 1696 1484 monachos

519 1545 530 1594 5
559 1522 793 1602 querebantur
808 1518 969 1589 insanire,
987 1519 1023 1579 in
1038 1517 1272 1581 confusionem
1287 1520 1423 1582 abbatie
1439 1523 1535 1583 novis
1550 1532 1584 1584 et
1598 1523 1699 1584 inau-

560 1621 641 1682 ditis
651 1621 939 1682 deliramentisab
951 1621 1109 1700 episcopo
1126 1621 1301 1682 Leodiensi
1317 1621 1509 1696 dissentire,
1526 1641 1582 1684 eos
1595 1641 1700 1702 penas

561 1721 665 1799 hujus
690 1721 909 1783 dissensionis
930 1732 945 1758 ⁶
970 1720 1128 1794 luituros,
1156 1739 1217 1783 nec
1244 1740 1278 1782 se
1303 1722 1453 1801 amplius
1479 1725 1530 1784 vel
1559 1724 1699 1786 ecclesie

561 1822 613 1883 vel
628 1821 694 1884 illis
709 1821 951 1892 deservituros,
971 1820 1035 1882 nisi
1047 1821 1153 1899 hujus
1168 1822 1329 1884 novitatis
1342 1823 1516 1904 utrimque
1528 1824 1701 1903 sopiretur

562 1923 734 1985 contentio
746 1924 767 1985 ¹.
783 1924 894 1985 Abbas
911 1933 960 1984 tot
976 1920 1250 1984 infestationibus
1266 1932 1299 1984 et
1314 1924 1493 2004 questibus
1509 1935 1698 2003 permotus,

509 2048 536 2085 ro
563 2044 643 2088 cum
655 2026 697 2086 ab
712 2025 873 2085 omnibus
887 2025 984 2105 quasi
999 2023 1164 2105 fugitivus
1175 2033 1390 2103 argueretur,
1404 2025 1553 2087 decrevit
1565 2043 1600 2088 se
1615 2027 1701 2103 obii·

562 2127 722 2188 ciendum
738 2124 750 2164 ⁶
766 2125 930 2203 periculo,
947 2134 981 2186 et
996 2134 1110 2203 preter
1125 2142 1221 2202 spem
1236 2125 1395 2187 omnium
1410 2127 1503 2187 venit
1521 2126 1700 2202 leodium,

564 2228 622 2288 Dei
631 2224 779 2289 confisus
791 2223 928 2286 auxilio.
943 2224 1086 2285 Miratus
1098 2223 1287 2297 advenisse,
1298 2224 1546 2303 representavit
1557 2243 1591 2286 se
1604 2227 1702 2287 audi·

565 2327 650 2389 torio
664 2325 940 2387 adversariorum
955 2324 1113 2385 condicta
1127 2323 1193 2385 die.
1209 2324 1317 2403 igitur
1329 2333 1510 2403 personata
1525 2327 1702 2406 questione

565 2429 599 2488 in
622 2428 693 2488 vice
715 2426 861 2489 Otberti.
879 2426 1037 2504 culpatus
1058 2434 1108 2486 est
1127 2425 1232 2486 abbas
1246 2423 1477 2486 Theodericus
1499 2425 1704 2488 criminibus

489 2552 502 2587 ι
512 2552 537 2602 5
566 2525 806 2597 denominatis,
838 2524 993 2586 videlicet
1021 2539 1145 2604 papam
1176 2524 1381 2586 Urbanum²
1409 2535 1441 2586 et
1473 2525 1703 2607 Raginoldum

567 2630 754 2691 Remorum
776 2624 974 2704 pontificem
997 2626 1032 2686 in
1053 2625 1204 2686 conciliis
1226 2624 1307 2698 suis,
1332 2625 1577 2705 imperatorem
1598 2644 1703 2690 suum

563 2728 744 2790 dominum
767 2735 800 2787 et
823 2743 857 2786 se
879 2727 953 2803 ejus
974 2725 1174 2804 episcopum
1197 2743 1259 2785 suo
1281 2723 1446 2786 instinctu
1468 2727 1706 2787 excommuni-

564 2848 664 2902 casse,
687 2835 721 2889 et
740 2846 799 2907 per
820 2830 882 2888 hoc
903 2826 1246 2888 excommunicatum
1271 2843 1352 2885 eum
1374 2828 1530 2904 probare,
1554 2825 1646 2904 quod
1670 2843 1705 2887 se

565 2948 710 3010 suosque
731 2929 775 2989 ab
796 2929 868 3002 ejus
891 2927 1109 2988 subtraheret
1134 2925 1388 2997 communione,
1410 2926 1562 3005 itemque
1582 2924 1706 2988 fratres

461 3050 537 3089 κο
565 3048 643 3094 suos
670 3031 713 3092 ab
734 3028 914 3091 ordinibus
934 3028 1008 3106 ejus
1035 3025 1278 3107 prohibuisset,
1303 3026 1445 3106 insuper
1473 3027 1705 3109 Berengerum

567 3132 743 3212 publicum
755 3147 935 3209 preconem
947 3147 1008 3190 sue
1020 3126 1158 3190 iniamie
1173 3131 1215 3190 ad
1229 3129 1302 3204 ejus
1317 3129 1481 3205 injuriam
1499 3130 1705 3192 retinuisset.

568 3234 675 3294 Abbas
700 3241 838 3310 accepto
864 3229 936 3290 loco
965 3229 1167 3290 consulendi
1193 3229 1268 3303 sibi,
1292 3246 1372 3290 cum
1398 3230 1594 3289 advocasset
1620 3248 1707 3309 quos

568 3342 706 3395 noverat
728 3331 872 3393 sanioris
893 3330 1040 3404 consilii,
1065 3332 1107 3390 de
1130 3329 1335 3391 criminibus
1356 3329 1496 3404 objectis
1519 3331 1606 3390 bona.
1627 3347 1706 3391 con·

568 3433 704 3494 scientia
725 3450 786 3509 pro
806 3449 841 3492 se
860 3429 1116 3493 satisfacturum
1136 3432 1322 3510 respondit,
1344 3431 1500 3492 videlicet
1521 3449 1579 3491 nec
1598 3430 1708 3509 impe-

446 3548 526 3601 25
570 3544 715 3595 satorem
744 3550 805 3593 nec
833 3533 1031 3610 episcopum
1058 3532 1431 3593 excommunicandosc
1459 3532 1609 3612 quesisse
1636 3531 1706 3593 ullo

570 3635 679 3706 modo,
699 3652 758 3695 nec
776 3633 1091 3694 excommunicatos
1106 3632 1124 3669 d
1140 3650 1175 3692 se
1196 3632 1281 3692 velle
1302 3633 1463 3710 probare,
1486 3631 1607 3693 fratres
1626 3649 1706 3692 suos

569 3737 607 3796 ab
628 3734 807 3796 ordinibus
829 3735 901 3808 ejus
923 3752 957 3794 se
979 3732 1206 3811 prohibuisse,
1229 3733 1310 3812 quia
1337 3733 1485 3794 ordinati
1510 3730 1705 3794 sufficerent

568 3834 685 3897 officiis
703 3834 857 3907 ecclesie;
878 3835 1110 3913 Berengerum
1130 3834 1290 3894 abbatem
1308 3842 1385 3912 post
1400 3842 1537 3895 tantum
1553 3832 1706 3913 prejudi-

570 3937 657 3997 cium
673 3944 708 3997 et
720 3934 917 3996 violentiam
932 3933 973 3993 ad
989 3944 1135 3994 matrem
1152 3952 1250 3995 suam
1266 3934 1441 3995 ecclesiam
1452 3932 1706 4015 confugientem

446 4152 473 4200 3
481 4161 535 4197 0
600 4171 625 4206 a.
636 4153 717 4204 Dans
726 4153 763 4208 Α,
775 4169 807 4201 on
817 4151 849 4201 lir
857 4151 1089 4211 dissensionibus,
1100 4152 1202 4216 corrigi
1210 4168 1241 4200 cn
1251 4151 1443 4202 dissensionis.
1452 4179 1481 4187 -
1492 4149 1513 4199 h.
1526 4149 1706 4201 obiciendum

570 4241 604 4289 A.
617 4268 650 4276 -
668 4255 691 4289 c.
710 4237 1045 4289 excummunicandosA.
1063 4265 1089 4274 -
1109 4237 1136 4288 d.
1154 4236 1415 4287 excummunicatos
1427 4236 1463 4284 A.

571 4448 864 4461 .—

603 4613 610 4640 ¹
631 4604 816 4656 Lnnrrncnr
834 4605 924 4655 aurait
939 4619 977 4670 pu
992 4604 1063 4655 citer
1077 4618 1109 4654 ce
1125 4617 1248 4670 passage,
1267 4605 1282 4652 a
1301 4602 1406 4668 l’appui
1423 4601 1459 4652 de
1477 4616 1528 4653 son
1548 4600 1654 4667 exposci
1673 4601 1708 4652 de

571 4689 645 4742 l’etat
663 4690 713 4741 des
730 4689 799 4741 seris
816 4699 844 4741 et
861 4690 896 4741 de
914 4690 977 4741 leur
994 4689 1201 4755 emancipation
1219 4689 1396 4756 progressive
1412 4703 1447 4738 au
1460 4687 1513 4739 ΧΙο
1524 4688 1618 4750 siecle,
1632 4705 1707 4739 ouvr.

572 4778 628 4831 citt,
642 4790 692 4841 pp.
707 4788 754 4837 204
767 4785 795 4826 et
808 4776 879 4826 suiv.

475 4851 538 4911 35
606 4870 614 4895 ²
637 4859 743 4912 Urbain
757 4860 792 4922 11,
807 4876 878 4927 pape
889 4861 924 4912 de
940 4861 1012 4922 1088,
1029 4873 1057 4910 12
1072 4875 1155 4922 mars,
1168 4862 1183 4910 a
1200 4874 1273 4926 1099,
1288 4873 1319 4924 ²9
1330 4859 1434 4925 Juillet.

1548 4950 1590 5004 11
