4450 6125
790 844 944 926 Sancti
974 845 1187 929 Huberti‚
1477 878 1557 966 247

414 1143 600 1224 apostolice
614 1144 714 1212 sedis,
732 1144 902 1224 sciretque
915 1142 1077 1206 Wiredus
1092 1140 1366 1226 Andaginensem
1383 1154 1557 1217 abbatiam
1631 1203 1633 1206 Α

414 1244 1556 1322 omninointerdictamsibi,autprocertoexcommunicatumcum

413 1346 576 1407 omnibus
590 1344 782 1407 fautoribus
792 1356 827 1408 et
837 1346 998 1424 subjectis
1010 1347 1089 1407 suis.
1108 1347 1202 1411 Hanc
1213 1337 1396 1429 apostolice
1411 1358 1558 1418 auctori·

414 1449 493 1511 tatis
504 1449 710 1510 sententiam
725 1446 930 1508 Laurentius
941 1447 1046 1509 abbas
1056 1447 1171 1510 Sancti
1180 1450 1313 1513 Victoni
1324 1460 1332 1486 ¹
1343 1463 1377 1515 et
1390 1456 1558 1521 Robertus

373 1564 385 1613 5
416 1551 604 1612 monachus
617 1549 874 1626 interceperunt
891 1547 1031 1609 Wiredo
1045 1550 1307 1614 enunciandam.
1331 1555 1398 1631 Qui
1419 1561 1555 1622 eumad
1630 1588 1632 1591 ·

413 1651 680 1733 colloquendum
710 1648 801 1710 diem
831 1657 864 1709 et
893 1649 1007 1710 locum
1036 1651 1305 1726 constituissent,
1332 1655 1457 1737 illeque
1488 1678 1555 1722 non

411 1752 635 1823 convenisset,
653 1767 715 1828 per
731 1749 917 1811 Adelonem
934 1751 1147 1828 prepositum
1165 1755 1418 1819 mandaverunt
1437 1759 1465 1820 ei
1482 1778 1554 1822 car·

411 1854 536 1915 dinalis
564 1852 752 1914 decretum.
781 1850 1011 1912 Theodericus
1039 1869 1188 1934 quoque,
1217 1854 1339 1917 litteris
1365 1859 1406 1919 ad
1432 1857 1554 1924 fratres

410 1954 599 2023 destinatis,
623 1950 815 2032 ingravavit
836 1951 884 2012 eis
904 1953 1058 2024 ciusdem
1077 1957 1442 2020 excommunicationis
1464 1962 1554 2039 peri-

357 2068 386 2105 10
410 2057 541 2120 culum.
573 2053 646 2115 Sub
674 2054 728 2113 his
755 2052 1038 2114 insectationibus
1062 2055 1146 2127 suis,
1174 2056 1334 2118 Wiredus
1360 2059 1552 2122 Manassem

411 2159 600 2220 Remorum
617 2153 813 2234 pontificem
830 2154 925 2215 adiit.
943 2164 975 2215 et
992 2155 1097 2215 altare
1113 2156 1155 2216 de
1171 2156 1292 2236 Sulpio
1307 2161 1398 2238 quod
1415 2162 1552 2223 ecclesie
1621 2164 1623 2168 ’

409 2276 468 2338 per
482 2275 591 2318 annos
613 2265 744 2334 septem
765 2256 982 2315 subtraxerat
997 2255 1009 2281 ²
1024 2255 1242 2318 reddendum
1258 2258 1321 2319 sibi
1338 2261 1548 2325 reclamavit.

407 2360 580 2421 Manasses
603 2375 670 2416 non
692 2356 802 2417 solum
825 2357 915 2436 quod
942 2358 1156 2419 subduxerat
1181 2360 1340 2431 restituit,
1362 2363 1419 2422 sed
1447 2364 1549 2426 etiam

406 2459 514 2522 altare
534 2459 575 2519 de
593 2456 756 2538 Nogarias
776 2466 908 2517 remota
924 2475 1069 2536 persona
1087 2469 1120 2518 et
1140 2457 1230 2520 facta
1250 2461 1383 2539 publica
1400 2474 1432 2523 et
1449 2463 1549 2543 legali

342 2574 376 2623 ¹5
406 2561 601 2629 donatione,
619 2574 785 2619 consensu
802 2557 953 2619 Gervasii
969 2558 1199 2620 archidiaconi
1222 2569 1255 2621 et
1274 2562 1383 2622 tocius
1397 2563 1478 2624 cleri
1493 2566 1547 2626 sui

406 2659 543 2721 firmato
573 2667 606 2718 et
634 2657 769 2738 signato
797 2656 989 2737 privilegio
1015 2659 1151 2719 ecclesie
1180 2660 1268 2722 beati
1299 2662 1455 2735 Huberti‚
1484 2682 1567 2742 pro

405 2760 638 2822 anniversario
660 2777 723 2819 suo
747 2776 787 2818 ex
810 2756 883 2835 ejus
906 2759 1020 2819 reditu
1046 2760 1283 2839 sollempniter
1305 2764 1449 2842 agendo,
1470 2783 1545 2843 per-

401 2869 503 2943 petuo
518 2862 716 2923 habendum
730 2860 886 2923 tradidit.
1282 2884 1284 2887 ¹
1391 2891 1393 2893 >
1545 2875 1560 2885 '¹

440 3061 620 3134 96.(12t›.)
645 3058 811 3119 Otbertus
834 3057 961 3119 interea
983 3057 1087 3119 nimis
1113 3058 1362 3121 immoderatus
1387 3060 1542 3122 domina·

310 3170 354 3211 20
400 3161 502 3222 tionis
525 3161 720 3229 exercende,
742 3159 830 3239 cepit
854 3159 966 3220 Leodii
990 3160 1103 3220 civilia
1129 3160 1204 3237 jura
1229 3161 1427 3231 convellere,
1452 3164 1542 3240 leges
1570 3183 1571 3186 ¹

399 3260 572 3338 majorum
596 3269 742 3331 mutare,
765 3258 1029 3319 consuetudines
1055 3259 1245 3333 annullare,
1269 3271 1375 3340 utque
1401 3260 1541 3322 liberius

395 3360 641 3438 comprimeret
653 3359 813 3433 minores,
829 3358 1006 3420 differebat
1017 3376 1219 3439 exasperare
1230 3360 1370 3421 interim
1383 3364 1539 3438 majores,

393 3458 494 3519 donis
509 3460 614 3521 etiam
629 3470 662 3520 et
679 3459 856 3538 promissis
872 3461 914 3521 ad
936 3460 1222 3522 consentiendum
1238 3461 1301 3521 sibi
1317 3462 1540 3524 contrahebat

393 3559 614 3638 potentiores.
633 3560 697 3632 Sed
716 3578 776 3620 nec
794 3560 853 3621 diu
876 3560 986 3637 potuit
1002 3572 1016 3598 ⁶
1031 3578 1066 3621 se
1080 3561 1267 3634 continere,
1283 3563 1367 3643 quin
1387 3565 1478 3643 quod
1494 3566 1537 3624 ad

310 3671 331 3719 5
397 3669 536 3740 tempus
556 3661 737 3723 distulerat
757 3663 928 3740 proderet,
950 3671 983 3724 et
1003 3663 1038 3723 in
1059 3663 1179 3723 eadem
1200 3664 1419 3741 oppressione
1443 3663 1538 3726 fieret

393 3762 559 3822 omnibus
574 3762 677 3823 idem.
699 3762 926 3824 Ecclesiarum
942 3764 1088 3845 denique
1109 3774 1143 3825 et
1158 3764 1358 3825 clericorum
1376 3781 1538 3843 procura·

390 3870 484 3923 tores
501 3862 610 3925 tocius
626 3862 748 3923 liberos
762 3861 904 3924 forensis
916 3864 1000 3942 juris
1012 3855 1034 3937 ³,
1048 3864 1214 3926 violenter
1228 3863 1412 3945 infringere
1425 3875 1551 3946 temp·v

426 4064 450 4097 a.
470 4047 552 4097 Dans
563 4047 600 4110 A,
614 4048 757 4098 nu-dessus
769 4048 799 4097 de
811 4047 976 4115 (pot)u(it),
989 4065 1022 4097 on
1035 4047 1067 4098 lit
1079 4065 1103 4101 e.

428 4382 433 4408 ¹
452 4373 587 4435 Laureht,
604 4372 675 4425 abbe
693 4374 728 4423 de
747 4373 936 4425 Sarni-Vanne
954 4377 969 4424 a
986 4374 1100 4424 Verdun
1122 4376 1308 4441 (1099-1139);
1330 4391 1419 4442 voyez
1439 4374 1513 4426 Galli

310 4456 315 4481 '
387 4458 559 4514 Ciristzbna,
575 4467 595 4508 t.
609 4458 688 4520 Xlll,
701 4459 755 4512 col.
772 4473 833 4524 1295
847 4468 875 4510 et
886 4460 959 4511 suiv.

425 4554 433 4580 ²
450 4546 509 4598 Cir.
522 4546 666 4608 ci-dessus,
679 4563 706 4613 p.
721 4549 776 4610 183.

423 4633 472 4682 3ll
491 4634 623 4684 convient
640 4634 676 4684 de
693 4635 865 4699 rapprocher
882 4634 917 4684 de
935 4643 1009 4684 cette
1027 4634 1216 4685 contestation
1234 4642 1315 4685 entre
1333 4634 1360 4685 le
1377 4634 1471 4703 cierge
1494 4636 1529 4687 de

380 4710 474 4787 Liege
491 4727 520 4770 et
538 4717 642 4770 Otbert
660 4719 686 4769 le
704 4720 829 4785 dipldme
846 4719 966 4770 d’Henri
984 4720 1019 4782 V,
1039 4736 1075 4770 en
1096 4734 1168 4786 1107,
1188 4722 1398 4773 reconnaissant
1410 4723 1539 4789 precise,

385 4815 467 4855 nient
475 4821 511 4856 au
524 4805 616 4873 clergie
629 4805 744 4873 liegeois
763 4805 804 4856 les
816 4807 976 4873 privileges,
989 4808 1180 4874 cnti'qur'ssimn
1192 4806 1345 4875 privilegia,
1365 4809 1435 4860 dont
1451 4809 1528 4874 parle
1545 4842 1573 4885 f!

316 4880 334 4928 5
387 4891 522 4943 cidessus
534 4892 559 4943 la
575 4893 744 4960 Chronique;
757 4909 821 4961 voy.
837 4896 1078 4962 CHAPEAUWLLE,
1092 4911 1168 4948 cunr.
1181 4897 1239 4957 citi,
1253 4903 1274 4946 t.
1289 4894 1326 4957 ll,
1340 4911 1387 4962 pp.
1402 4910 1432 4959 54
1444 4904 1472 4947 et
1486 4882 1527 4968 53,
1537 4963 1539 4967 .
