4450 6125
905 848 1060 930 Sancti
1093 848 1306 931 Huberlr'.
1653 876 1678 957 9

536 1145 688 1226 palatina
718 1156 794 1207 tum
822 1145 925 1206 etiam
955 1145 1113 1224 populari
1143 1142 1332 1226 frequentia
1365 1166 1489 1217 corpus
1512 1160 1675 1212 sanctum,

535 1253 624 1320 quod
648 1268 721 1304 cum
746 1252 863 1304 loculo
887 1267 947 1304 suo
979 1246 1113 1324 lapideo
1145 1251 1428 1315 transferebatur,
1457 1246 1675 1309 devotissime

535 1358 748 1429 prosecutus,
766 1348 899 1410 Mosam
919 1348 1002 1409 illud
1025 1348 1234 1428 transposuit
1252 1367 1332 1410 cum
1347 1349 1473 1410 divinis
1487 1346 1629 1427 hymnis
1643 1355 1677 1408 et

536 1453 708 1516 laudibus.
737 1453 801 1515 Cui
825 1456 930 1515 etiam
957 1459 1067 1514 multa
1092 1454 1183 1515 dona
1201 1454 1347 1516 contulit
1367 1453 1460 1536 regia
1481 1451 1674 1532 largitione,

492 1578 505 1628 5
535 1571 602 1634 que
617 1552 696 1615 licet
710 1553 918 1633 deperierint
932 1554 984 1614 vel
1001 1563 1200 1634 temporum
1215 1565 1385 1617 vetustate
1397 1556 1448 1616 vel
1464 1563 1677 1616 vastatorum

534 1653 764 1728 distractione,
781 1673 821 1715 ex
837 1654 885 1716 eis
900 1665 1015 1716 tamen
1033 1668 1047 1692 ‘¹
1074 1656 1221 1736 quedam
1243 1657 1368 1718 nostris
1383 1657 1496 1719 adhuc
1511 1655 1677 1734 tempori-

535 1755 598 1818 bus
612 1765 800 1835 supersunt
814 1756 950 1817 ecclesie
967 1757 988 1819 ².
1013 1755 1178 1836 Superest
1192 1757 1345 1838 optimus
1360 1767 1558 1820 sanctorum
1572 1773 1675 1818 evan·

533 1856 704 1940 geliorum
722 1864 837 1919 textus
857 1874 942 1919 auro
961 1859 1176 1940 gemmisque
1200 1866 1359 1939 paratus;
1380 1866 1536 1938 superest
1550 1856 1675 1937 psalte-

534 1959 627 2021 rium
649 1977 734 2020 auro
757 1958 937 2037 scriptum,
958 1977 1020 2038 per
1041 1960 1147 2022 denos
1168 1960 1319 2041 psalmos
1334 1959 1538 2040 capitalibus
1553 1957 1676 2020 litteris

480 2081 507 2118 ιο
533 2058 754 2132 distinctum;
792 2069 959 2138 superest,
989 2058 1026 2121 in
1056 2078 1126 2121 uno
1162 2059 1338 2122 volumine
1375 2059 1538 2129 maxims,
1572 2074 1675 2137 super

532 2165 645 2218 totum
658 2158 861 2237 psalterium
875 2159 965 2220 beati
977 2159 1162 2240 Augustini
1178 2159 1360 2238 expositio;
1373 2166 1528 2238 superest
1542 2167 1574 2219 et
1592 2156 1677 2218 liber

530 2258 686 2336 ejusdem
700 2259 761 2337 qui
776 2258 976 2321 intitulatur
991 2261 1038 2321 De
1054 2260 1234 2323 Trinitate.
1253 2261 1466 2340 Supererant
1480 2259 1549 2320 duo
1565 2257 1676 2320 tocius

531 2361 611 2422 anni
640 2359 820 2431 omeliarii,
851 2360 977 2441 quibus
1015 2362 1186 2422 renovatis
1221 2362 1391 2440 hyemalis
1426 2362 1527 2422 datus
1559 2369 1610 2422 est
1638 2359 1675 2420 in

532 2461 715 2521 elemosina
742 2461 878 2522 ecclesie
903 2461 1133 2524 Giviniacensi
1149 2453 1171 2536 ³,
1198 2462 1350 2524 estivalis
1372 2480 1453 2523 vero
1480 2461 1605 2522 missus
1623 2470 1674 2521 est

481 2583 505 2632 15
533 2561 614 2623 celle
639 2561 769 2623 Pirensi
785 2564 807 2623 ⁴.
832 2565 880 2624 De
901 2562 1124 2625 translatione
1148 2575 1265 2625 autem
1290 2563 1378 2625 beati
1402 2561 1546 2624 Huberti
1563 2571 1674 2623 cetera

533 2661 671 2724 reticere
693 2663 902 2736 censuimus,
926 2662 1009 2743 quia
1031 2662 1225 2724 evidentius
1250 2669 1284 2725 et
1309 2663 1412 2724 latius
1434 2680 1473 2723 ea
1494 2669 1675 2723 enumerat

531 2763 685 2842 ejusdem
705 2763 938 2826 translationis
958 2764 1122 2844 proprius
1142 2774 1267 2826 textus.
1292 2763 1358 2827 Sed
1375 2771 1409 2825 et
1426 2767 1488 2825 hoc
1505 2761 1674 2824 nimirum

531 2884 612 2927 cum
634 2865 678 2926 sit
699 2876 816 2927 actum
838 2864 954 2925 divina
974 2864 1084 2946 gratia
1105 2864 1318 2945 disponente,
1340 2863 1432 2926 credi
1453 2863 1674 2944 probabiliter

532 2975 643 3047 potest
671 2966 833 3028 eumdem
863 2965 1003 3027 beatum
1034 2964 1232 3045 pontificem
1261 2966 1297 3026 in
1327 2965 1410 3037 loc0,
1437 2983 1507 3045 quo
1533 2981 1674 3025 venera-

476 3094 506 3130 20
532 3068 609 3129 bilis
636 3066 840 3148 Beregisusb
868 3066 1073 3148 quiescebat,
1102 3085 1136 3128 se
1162 3085 1300 3148 quoque
1328 3067 1473 3129 voluisse
1497 3076 1675 3147 gratanter

529 3170 701 3251 quiescere
716 3160 738 3230 ⁵.
758 3168 913 3231 Fuerunt
928 3168 1076 3250 denique
1087 3170 1359 3248 contemporales
1371 3169 1595 3248 ejusdemque
1608 3167 1673 3228 loci

530 3271 674 3333 studiosi
703 3279 950 3350 cooperatores.
984 3269 1129 3332 Decuit‘
1157 3287 1238 3351 ergo
1269 3278 1306 3332 ut
1334 3288 1495 3351 quorum,
1522 3269 1607 3330 dum
1637 3269 1672 3328 in

530 3389 668 3451 corpore
705 3380 895 3438 manerent.
927 3371 1038 3452 viguit
1057 3372 1107 3431 ad
1137 3370 1287 3432 invicem
1322 3368 1502 3432 familiaris
1536 3371 1670 3445 caritas,

531 3490 652 3534 eorum
667 3472 772 3533 etiam
784 3483 1005 3534 veneraretur
1019 3490 1038 3532 a
1052 3471 1231 3533 devotione
1247 3470 1402 3533 fidelium
1418 3471 1453 3532 in
1470 3490 1539 3533 uno
1551 3473 1672 3533 eodem

475 3593 504 3644 25
532 3574 604 3635 loco
620 3574 800 3635 beatorum
816 3590 1000 3652 corporum
1015 3572 1167 3634 societas.
1189 3572 1289 3648 Quod
1306 3590 1385 3633 vero
1401 3573 1673 3651 contemporales

563 3775 588 3810 a.
601 3758 682 3809 Dans
699 3758 734 3818 A,
750 3773 784 3808 ox
797 3765 891 3808 tamen
904 3758 944 3808 eis
956 3774 1025 3810 corr.
1035 3773 1089 3823 par
1101 3773 1153 3807 unc
1165 3758 1240 3806 main
1251 3757 1410 3822 postdrt‘cure
1421 3773 1452 3806 cn
1466 3771 1501 3807 ex
1513 3757 1554 3808 eis
1566 3765 1670 3808 tamen.

529 3870 561 3881 -
579 3842 601 3893 b.
621 3842 782 3912 Beregisius
794 3843 830 3896 Α.
846 3873 874 3881 -
894 3861 917 3897 c.
937 3843 1038 3896 Decuit
1048 3871 1080 3883 -
1090 3872 1122 3882 -
1133 3845 1292 3895 -societas
1304 3851 1378 3894 entre
1386 3843 1467 3910 guill.
1480 3844 1518 3896 A.

566 4140 573 4165 ¹
593 4130 676 4182 Cette
687 4132 750 4182 date
763 4146 835 4182 nous
847 4140 889 4182 est
900 4131 1011 4182 donnes
1023 4147 1073 4198 par
1085 4132 1110 4182 le
1128 4131 1280 4182 Translatio
1291 4131 1386 4181 Sancti
1396 4131 1523 4192 Huberti,
1537 4139 1568 4182 n⁰
1580 4145 1620 4194 33.

566 4224 575 4251 ²
595 4216 701 4268 Surces
711 4218 800 4274 obiets
809 4218 1007 4269 venerableset
1015 4234 1063 4269 sur
1071 4218 1545 4285 leursdestine'esdiverses,voy.G.
1555 4218 1673 4280 Kurra,

476 4317 507 4367 30
531 4303 582 4354 Les
589 4305 721 4369 prcmiers
732 4303 820 4353 st'c'cles
830 4303 981 4371 del'abbaye
992 4306 1022 4354 de
1034 4304 1242 4368 saint-Hubert,
1255 4321 1282 4370 p.
1296 4320 1337 4370 47.

564 4396 575 4434 3
591 4390 606 4441 J
611 4390 725 4457 uvigny,
743 4406 894 4441 commune
909 4391 946 4442 du
964 4390 1160 4457 departement
1176 4392 1211 4442 de
1228 4391 1253 4441 la
1267 4390 1374 4455 Mense,
1387 4391 1626 4442 arrondissement
1638 4391 1673 4443 de

532 4474 709 4542 Montmedy‚
723 4485 751 4526 et
764 4480 922 4528 monastere
934 4477 969 4528 de
981 4476 1098 4529 lemmes
1110 4478 1145 4529 de
1157 4477 1260 4529 l’ordre
1278 4477 1313 4528 de
1330 4478 1403 4528 saint
1416 4476 1527 4538 Benolt,
1541 4477 1673 4529 consacrt'e

532 4565 546 4613 a
558 4563 647 4614 sainte
660 4562 844 4630 Scolasthue.

564 4650 671 4713 ⁴Prix,
692 4665 844 4702 commune
863 4652 900 4703 du
922 4651 1118 4719 de'partement
1135 4652 1185 4703 des
1206 4652 1363 4713 Ardennes,
1382 4652 1621 4703 arrondissement
1638 4652 1673 4703 de

477 4753 504 4803 35
533 4736 678 4798 blezicres,
693 4745 721 4787 et
734 4738 846 4803 prieure
859 4738 1002 4790 hubertin.
1017 4738 1071 4790 Sur
1083 4754 1111 4790 sa
1124 4738 1278 4800 fondation,
1293 4754 1358 4805 roy.
1372 4740 1535 4799 cidessous,
1549 4754 1572 4789 c.
1591 4750 1628 4801 15.

566 4831 575 4866 Ξ
594 4822 690 4874 L’idee
706 4824 741 4874 de
757 4839 789 4874 ce
801 4823 1038 4891 developpement
1049 4841 1064 4876 a
1076 4825 1122 4877 e'te
1135 4824 1245 4877 lournie
1256 4841 1291 4876 au
1304 4826 1496 4892 chroniqueur
1507 4840 1556 4891 par
1569 4824 1596 4876 le
1615 4823 1672 4875 Vita

534 4910 662 4976 Bercgisi,
677 4917 718 4959 n⁰⁶
730 4924 760 4972 24
773 4920 801 4960 et
814 4911 885 4961 suiv.

1697 1155 1825 1209 Transla-

1689 1224 1728 1274 tio
1738 1222 1766 1276 S.
1777 1224 1837 1276 Hu-

1721 1290 1804 1352 berti,

1716 1371 1801 1422 ²9·33·

1732 1479 1791 1539 8²5,

1690 1557 1721 1606 30
1732 1553 1803 1609 sept.
1817 1552 1835 1596 ¹.
