4450 6125
843 851 997 933 Sancti
1027 851 1237 932 Huberti.
1540 853 1621 936 213

480 1149 662 1212 secundum
677 1149 871 1224 sapientiam
891 1167 991 1228 quam
1009 1167 1029 1209 a
1048 1149 1115 1210 Deo
1129 1149 1264 1211 habetis.
1281 1151 1597 1214 Reverendissimam
1608 1167 1623 1192 ⁴

481 1267 520 1310 cc
530 1248 775 1310 dilectissimam
791 1248 885 1309 nobis
897 1252 1124 1325 paternitatem
1138 1255 1280 1311 vestram
1292 1251 1455 1313 Dominus
1468 1252 1623 1317 Christus

482 1368 597 1411 sanam
610 1353 640 1411 et
654 1348 850 1411 incolumem
867 1350 959 1411 nobis
974 1360 1139 1412 conservet
1154 1357 1184 1415 et
1201 1353 1350 1414 universe
1365 1353 1501 1416 ecclesie.

524 1553 583 1612 ⁸5.
612 1548 712 1626 (106.)
747 1550 859 1611 Abbas
887 1557 1005 1611 autem
1035 1550 1266 1613 Theodericus
1284 1551 1306 1624 ¹,
1336 1551 1373 1613 in
1401 1551 1486 1615 festo
1514 1555 1624 1615 sancti
1674 1561 1746 1626 1096,

433 1665 447 1719 ς
483 1652 605 1732 Egidii,
619 1650 679 1732 qui
694 1651 778 1713 olim
793 1650 905 1714 iuerat
918 1652 990 1713 dies
1003 1651 1230 1714 ordinationis
1244 1650 1346 1731 ejus²,
1361 1655 1403 1714 de
1418 1654 1626 1716 monasterio
1651 1636 1686 1677 ¹⁰¹
1700 1636 1773 1695 ⁵⁶9¹·

482 1771 650 1835 egressus,
680 1769 760 1814 cum
793 1751 892 1815 Remi
924 1763 1129 1826 moraretur,
1163 1754 1200 1815 in
1232 1754 1486 1834 sollempnitate
1517 1755 1625 1817 sancti

484 1854 631 1936 Remigii
667 1853 823 1933 sequenti
858 1864 1028 1915 venerunt
1060 1854 1103 1915 ad
1140 1872 1222 1916 eum
1259 1854 1426 1916 Rainerus
1463 1856 1624 1930 Pirensis,
1661 1874 1764 1918 ruoct.

484 1957 655 2020 Robertus
681 1955 860 2028 Cunensis‚
889 1956 1049 2019 Wiredus
1077 1975 1215 2038 quoque
1242 1959 1436 2037 prepositus
1467 1958 1626 2021 Ebernei·

484 2057 597 2129 cortis,
614 2057 656 2118 de
669 2056 859 2118 intentione
873 2059 901 2135 ej
907 2075 947 2119 us
962 2057 1088 2119 certius
1106 2058 1289 2138 quesituri.
1314 2061 1341 2120 Α
1359 2077 1429 2140 quo
1444 2077 1523 2122 cum
1538 2058 1626 2121 didi-

432 2178 460 2217 >
487 2157 623 2235 cissent,
640 2158 812 2236 privatam
825 2159 932 2220 vitam
947 2177 982 2221 se
996 2166 1118 2239 sponte
1134 2158 1308 2241 elegisset,
1326 2168 1377 2221 tot
1393 2159 1629 2222 insectationes

486 2260 621 2324 Otberti
643 2261 714 2341 pati
738 2277 806 2321 non
828 2278 937 2340 posse,
962 2261 1137 2322 ecclesiam
1158 2263 1202 2323 ob
1227 2261 1280 2323 sui
1305 2261 1475 2324 invidiam
1497 2262 1628 2324 destrui

486 2363 603 2436 vitare,
631 2361 719 2423 nolle
747 2362 899 2440 amplius
924 2379 1058 2441 preesse
1082 2361 1210 2443 quibus
1233 2362 1268 2422 in
1295 2370 1346 2424 tot
1372 2363 1534 2442 periculis
1560 2381 1628 2425 non

485 2461 655 2525 sufficeret
671 2461 844 2541 prodesse,
863 2461 1116 2540 responderunt
1131 2461 1265 2537 tratres,
1281 2465 1344 2524 hoc
1358 2482 1427 2524 non
1440 2464 1487 2526 sic
1500 2471 1628 2526 temere

485 2564 671 2645 agendum,
688 2562 745 2624 sed
762 2562 988 2625 consulendos
1002 2565 1143 2626 abbates
1158 2564 1218 2645 qui
1234 2563 1276 2626 ad
1295 2563 1489 2644 predictum
1506 2583 1628 2627 conve-

431 2683 451 2732 ;
487 2674 608 2726 nerant
629 2663 766 2725 testum.
792 2663 992 2727 Decernitur
1012 2665 1121 2746 igitur
1144 2676 1283 2746 tempus
1308 2667 1349 2727 ad
1374 2683 1459 2728 rem.
1485 2666 1628 2729 Etcum

485 2765 526 2827 ad
549 2765 709 2827 abbatem
731 2764 845 2828 Sancti
869 2763 1017 2846 Remigii
1040 2774 1240 2846 ceterosque
1254 2765 1301 2826 ibi
1318 2766 1476 2828 collectos
1491 2767 1628 2830 ecclesie

486 2865 663 2928 Remensis
677 2866 860 2928 consilium
877 2864 1055 2940 referrent,
1078 2874 1111 2927 et
1132 2866 1182 2928 illi
1205 2883 1346 2928 causam
1368 2868 1502 2929 abbatis
1518 2867 1628 2929 Theo-

485 2967 601 3038 derici,
612 2967 716 3029 veteri
734 2967 804 3042 jam
818 2967 942 3029 auditu
958 2965 1185 3041 notissimam,
1195 2967 1237 3028 ad
1251 2968 1534 3046 respondendum
1547 2987 1627 3029 ven·

485 3068 650 3142 tilassent,
668 3071 708 3131 ad
726 3072 819 3131 hunc
833 3070 1045 3132 devenerunt
1059 3067 1177 3143 finem,
1193 3081 1231 3132 ut
1246 3069 1327 3151 quia
1342 3070 1500 3149 privatus
1514 3071 1627 3132 vivere

431 3188 463 3224 0
487 3173 653 3235 velletne
679 3171 823 3233 Otberto
848 3172 1011 3247 subesset,
1037 3182 1184 3245 caveret,
1212 3189 1254 3231 ne
1277 3172 1369 3233 unde
1391 3190 1426 3233 se
1450 3172 1628 3252 expediret

486 3273 592 3335 alium
619 3272 815 3351 impediret,
846 3290 929 3334 neve
957 3272 1111 3351 predicto
1137 3271 1282 3333 Otberto
1307 3272 1490 3353 ingereret,
1521 3290 1626 3354 quem

486 3376 618 3438 noviter
643 3392 705 3455 pro
726 3392 761 3437 se
781 3374 1052 3437 consecrandum
1073 3371 1225 3454 eligeret.
1244 3371 1434 3453 Respondit
1454 3373 1572 3448 abbas,
1588 3372 1624 3434 in

486 3476 546 3537 hoc
575 3476 650 3557 ipso
678 3475 742 3538 sibi
770 3484 804 3538 et
831 3473 995 3538 fratribus
1027 3475 1100 3537 suis
1132 3473 1354 3547 consuluisse,
1388 3484 1421 3535 et
1453 3473 1624 3534 domnum

486 3577 718 3659 Berengerum
750 3578 911 3639 abbatem
940 3575 1054 3638 Sancti
1088 3574 1264 3637 Laurentii
1296 3573 1360 3635 sibi
1392 3591 1623 3637 successorem

435 3692 460 3747 ²5
485 3678 614 3755 jamdiu
638 3678 730 3758 apud
756 3695 792 3738 se
816 3677 1013 3753 destinasse,
1036 3676 1118 3758 quia
1139 3684 1173 3737 et
1196 3676 1386 3736 monachus
1411 3674 1495 3736 olim
1520 3673 1623 3736 fuerit

483 3779 630 3852 ecclesie,
650 3789 683 3840 et
703 3798 722 3840 a
739 3778 869 3839 domno
888 3777 1033 3839 Henrico
1050 3778 1211 3857 episcopo
1225 3784 1442 3838 consecratus
1457 3774 1619 3856 legitime,

483 3879 574 3942 nulla
604 3879 773 3959 indigeret
799 3877 934 3941 Otberti
959 3877 1223 3940 consecratione.
1256 3877 1432 3939 Laudatus
1456 3877 1562 3938 abbas
1586 3876 1620 3937 id

481 3982 608 4060 optime
624 3980 822 4059 providisse,
839 3998 1005 4042 consensu
1022 3979 1259 4059 predictorum
1275 3978 1328 4041 vel
1344 3979 1390 4040 ibi
1406 3976 1621 4059 presentium

510 4178 534 4212 a.
555 4159 824 4211 Reverentissimam
837 4160 874 4210 Α.
888 4189 920 4196 -
938 4157 961 4212 b.
980 4158 1093 4227 eligisse
1105 4159 1142 4211 A.

429 4484 456 4534 to
514 4473 521 4500 ¹
541 4464 663 4516 L’annee
675 4467 690 4514 i
702 4462 824 4530 laquelle
835 4478 865 4514 se
877 4471 1010 4529 rapporte
1022 4478 1054 4514 ee
1064 4461 1164 4528 depart
1175 4461 1211 4512 de
1222 4460 1344 4529 Thierry
1356 4460 1393 4523 11,
1407 4462 1436 4511 in
1445 4460 1517 4526 sesto
1531 4462 1619 4512 sancti

480 4550 581 4618 Egidii,
596 4550 764 4602 desta-dire
781 4549 808 4600 le
826 4557 862 4600 1⁶¹
873 4549 1044 4616 septembre,
1062 4556 1105 4600 est
1123 4549 1327 4599 certainement
1345 4547 1455 4601 l'annee
1474 4548 1538 4615 1096
1543 4566 1551 4611 ;
1570 4565 1617 4602 car

479 4638 576 4705 sequi
596 4638 753 4689 determina
774 4652 805 4688 ce
825 4636 931 4688 nouvel
951 4635 1018 4698 exil,
1040 4635 1117 4698 c'est,
1138 4636 1209 4687 ainsi
1229 4650 1286 4703 que
1303 4635 1330 4686 le
1346 4635 1389 4687 dit
1408 4634 1435 4687 la
1455 4635 1616 4705 chronique,

480 4724 621 4786 cidessus,
642 4741 669 4791 p.
693 4726 751 4784 208,
772 4723 800 4774 le
819 4722 918 4790 depart
941 4722 990 4774 des
1013 4723 1159 4790 seigneurs
1181 4736 1255 4789 pour
1277 4722 1303 4773 la
1326 4721 1474 4784 Croisade;
1499 4738 1533 4775 ot·
1555 4724 1618 4776 leur
1649 4746 1652 4749 ·

482 4811 710 4863 rassemblement
722 4822 771 4863 eut
782 4811 839 4863 lieu
852 4811 879 4862 le
895 4824 922 4875 15
935 4812 1002 4862 aoot
1017 4810 1090 4875 1096.
1645 4794 1654 4812 ⁸

429 4910 456 4961 35
515 4906 524 4933 ²
543 4898 614 4965 Voy.
627 4898 772 4961 cidessus,
785 4914 813 4965 p.
830 4899 885 4949 128.
