4450 6125
866 879 1020 961 Sancti
1054 876 1265 959 Huberti.
1583 886 1635 969 23

495 1173 633 1226 dolebat
655 1190 689 1226 se
713 1176 843 1226 uixisse
866 1173 960 1225 nolle
984 1171 1104 1223 amodo
1128 1171 1259 1236 vivere,
1285 1172 1418 1238 ipsique
1442 1172 1517 1226 loeo
1541 1176 1636 1242 quasi

494 1262 635 1313 conscio
656 1262 784 1313 erroris
808 1261 859 1312 sui
882 1258 978 1312 nulla
1000 1274 1033 1310 re
1059 1257 1207 1324 amplius
1229 1259 1353 1309 inesse.
1374 1257 1428 1310 Sic
1451 1275 1529 1329 ergo
1550 1263 1637 1328 seip-

494 1362 566 1399 1010
595 1346 833 1399 obstinatione
865 1345 997 1397 salubri
1030 1344 1192 1411 puniens,
1227 1342 1316 1395 terro
1344 1358 1359 1383 α
1389 1360 1447 1411 per
1482 1356 1635 1398 ventrem

496 1446 624 1499 perque
659 1431 795 1483 brachia
830 1441 862 1482 et
897 1430 1004 1482 tibias
1039 1430 1175 1480 vinctus
1206 1436 1229 1489 ¹,
1268 1440 1497 1497 prosequente
1539 1432 1634 1483 illum

451 1529 464 1581 5
493 1517 615 1569 abbate
637 1525 647 1553 ²
668 1533 741 1569 cum
766 1518 931 1580 lacrimis,
955 1516 1199 1568 monasterium
1226 1517 1311 1566 exiit
1337 1518 1540 1585 tandemque
1562 1535 1633 1571 cum

494 1619 611 1672 magna
630 1603 826 1656 delectione
848 1604 949 1670 pedes
972 1605 1155 1655 Mosomum
1173 1608 1183 1648 ³
1201 1602 1354 1654 devenit.
1375 1603 1437 1667 lbi,
1454 1606 1532 1671 quia
1556 1615 1634 1656 tunc

493 1690 658 1757 temporis
690 1688 826 1758 vigebat
852 1689 1021 1758 regularis
1052 1689 1231 1740 districtio
1259 1688 1320 1740 sub
1348 1689 1471 1742 abbate
1500 1690 1634 1742 Rodul-

492 1788 587 1852 phot,
606 1785 646 1837 ab
664 1785 782 1837 eodem
808 1794 963 1836 retentus
988 1783 1160 1845 substitit,
1182 1786 1324 1856 postque
1339 1776 1427 1838 duos
1441 1775 1509 1839 lere
1524 1796 1633 1839 annos

493 1882 529 1941 in
553 1881 646 1943 luctu
668 1891 702 1943 et
727 1879 913 1959 penitentia
936 1896 1158 1959 perseverans
1181 1876 1267 1940 obiit
1282 1875 1305 1937 ⁶.
1339 1885 1444 1951 Cujirs
1475 1888 1634 1954 exemplo

436 1998 466 2034 10
492 1982 627 2050 quidam
649 1996 688 2032 ex
710 1981 777 2031 hiis
800 1981 856 2048 qui
879 1981 911 2031 in
933 1981 1009 2032 loco
1030 1990 1263 2031 remanserant
1294 1982 1487 2046 compuncti
1516 1991 1548 2032 et
1576 1998 1634 2033 sue

491 2069 617 2120 salutis
646 2065 726 2119 lacti
756 2077 833 2118 sunt
868 2067 1097 2119 sollicitiores
1127 2077 1157 2117 et
1189 2065 1302 2118 abbati
1332 2067 1370 2117 ad
1404 2067 1629 2120 obediendum

490 2164 717 2232 subjectiores
741 2169 759 2213 ⁵.
792 2154 1013 2217 lambertum
1043 2143 1056 2180 ⁶
1084 2154 1127 2214 de
1162 2152 1314 2215 maxima
1350 2165 1553 2233 paupertate
1589 2157 1629 2217 ad

491 2269 655 2333 magnam
670 2253 816 2334 gloriam
835 2255 893 2316 Dei
915 2256 1025 2336 gratia
1047 2255 1264 2327 suscitatum,
1287 2253 1500 2334 aliquamdiu
1523 2257 1631 2334 ipsius

488 2351 627 2414 ecclesie
644 2363 878 2432 precentorem
890 2366 924 2417 et
935 2355 1183 2426 scolasticum⁷,
1194 2364 1311 2432 postea
1322 2371 1402 2415 vero
1415 2346 1629 2437 Ragimoldi8

433 2531 459 2579 ¹5
522 2528 548 2561 a.
568 2527 600 2563 ro
611 2516 756 2582 rtpttepor
768 2515 897 2565 r'rrudvert.
911 2514 947 2564 A.
966 2543 997 2551 -
1013 2513 1036 2563 i.
1051 2513 1132 2562 Dans
1150 2513 1186 2568 A,
1202 2512 1272 2563 obiit
1292 2527 1473 2578 perseverans
1491 2531 1560 2566 corr.
1577 2522 1630 2583 par

488 2613 540 2647 une
551 2600 626 2648 neuin
635 2601 796 2667 postirieure
807 2616 838 2649 en
852 2616 878 2666 p.
893 2617 919 2651 o.

519 2856 525 2882 ¹
540 2848 618 2899 Haec
625 2857 684 2899 erat
690 2849 754 2899 olim
764 2851 923 2915 poenitentia
935 2865 1035 2904 eorum,
1049 2851 1096 2915 qui
1102 2850 1305 2917 propinquiores
1312 2853 1436 2916 parentes
1445 2848 1534 2912 gladio
1546 2851 1624 2915 irrepe-

483 2934 578 2990 tedurrt,
595 2946 624 2986 ut
634 2953 667 2987 ex
678 2936 763 2986 eodem
772 2937 851 3002 serro
868 2935 968 2985 circulo
983 2937 1098 3000 conjecto
1113 2952 1207 3001 corpus
1221 2937 1376 3003 poenitentis
1393 2938 1577 3001 stringeretur,
1592 2953 1624 2985 oc

477 3026 648 3092 perigrinori
658 3023 694 3073 ud
703 3023 758 3074 loca
770 3032 873 3087 sanctu,
887 3025 965 3073 doure
976 3022 1094 3073 circulus
1100 3024 1210 3088 ferreus
1221 3031 1310 3089 sponte
1320 3031 1383 3072 esset
1395 3024 1541 3090 disruptus,
1550 3024 1626 3088 jude-¹

421 3131 454 3167 20
481 3119 565 3160 retur.
591 3111 679 3176 Quam
698 3112 885 3173 poenitentium
905 3109 1063 3160 Lttmdertus
1084 3118 1220 3176 tamquam
1241 3108 1371 3174 spiritalis
1391 3112 1530 3178 parricida
1552 3114 1580 3161 iu
1599 3128 1624 3159 sc

479 3199 601 3263 suscepit.
616 3196 692 3249 Note
703 3198 738 3248 de
751 3197 880 3248 Marione
892 3208 919 3248 et
934 3196 1058 3248 Durand.

513 3292 522 3317 ¹
545 3283 633 3351 Usque
643 3284 679 3333 ad
682 3285 787 3348 januas
798 3284 927 3336 ecclesiae,
949 3283 1006 3333 Vita
1023 3283 1047 3333 Τ
1044 3283 1182 3337 hroderici,
1201 3285 1239 3334 18.

511 3368 675 3431 31100000,
698 3369 766 3421 ville
785 3370 822 3420 du
847 3370 1042 3435 departement
1067 3370 1116 3420 des
1141 3368 1298 3428 Ardennes,
1322 3370 1560 3422 arrondissement
1584 3371 1619 3421 de

477 3454 578 3507 Sedan.

417 3560 447 3610 25
511 3551 523 3582 ⁴
542 3541 701 3608 Rodolphe,
714 3540 785 3593 abbe
797 3541 832 3592 de
845 3540 968 3592 Mouzon
980 3540 1081 3606 depuis
1096 3553 1171 3602 ¹03¹:
1186 3540 1212 3591 la
1224 3540 1288 3591 date
1300 3541 1335 3591 de
1346 3556 1374 3591 sa
1389 3552 1471 3600 mort,
1485 3540 1557 3593 fixie
1570 3558 1618 3608 par

478 3627 643 3680 Manillont
659 3630 731 3691 1048,
744 3627 814 3679 n'est
826 3629 1028 3678 certainement
1047 3642 1095 3691 pas
1110 3627 1271 3677 anterieure
1287 3630 1302 3676 t
1319 3640 1390 3690 1055,
1403 3630 1571 3678 ardnement
1583 3628 1617 3678 de

477 3716 596 3782 'lhierry
617 3715 660 3775 1⁶⁸,
679 3725 706 3766 et
726 3714 940 3780 probablement
961 3730 1008 3780 pas
1026 3716 1040 3762 u
1062 3725 1133 3777 1059.
1149 3713 1220 3780 l'oy.
1241 3713 1331 3763 Gallia
1352 3712 1517 3774 Christiano,
1533 3725 1552 3764 t.
1567 3713 1616 3771 1x‚

473 3802 529 3854 ool.
543 3803 601 3854 260.
614 3801 673 3853 etr.
689 3802 850 3869 chronique,
866 3817 890 3853 c.
904 3803 946 3861 64.

507 3888 624 3940 spana·
641 3906 699 3939 nero
719 3905 797 3939 sensu
820 3888 890 3939 molo
911 3891 974 3942 acti,
997 3896 1160 3937 recesserunt
1184 3888 1213 3936 de
1235 3889 1393 3937 monasterio
1410 3887 1532 3955 profugi.
1558 3887 1615 3938 l'ita

412 3989 445 4040 30
476 3972 635 4035 Theoderici,
651 3974 690 4025 18.

505 4064 518 4096 ⁶
536 4060 669 4114 Lambert
688 4062 714 4113 le
733 4061 834 4113 Jeune.
848 4062 943 4128 Voyez
958 4071 1041 4112 notre
1057 4059 1241 4111 Introduction
1255 4071 1283 4111 et
1295 4071 1377 4112 notre
1390 4046 1479 4111 E'tude
1489 4065 1610 4131 critique,

469 4148 506 4196 oti
520 4161 593 4198 nous
603 4162 725 4214 croyons
736 4148 815 4198 avoir
826 4147 975 4198 de'montre'
987 4163 1043 4212 que
1056 4145 1189 4197 lambert
1201 4156 1243 4197 est
1256 4147 1376 4197 l'auteur
1391 4148 1425 4197 de
1443 4148 1467 4197 la
1482 4149 1611 4213 presenti·

470 4231 639 4300 chouquet
655 4248 692 4284 on
709 4249 726 4300 y
744 4243 875 4284 trouvera
891 4249 926 4283 en
945 4242 1006 4285 tout
1024 4249 1069 4283 cas
1088 4233 1129 4282 les
1147 4234 1314 4284 indications
1328 4233 1368 4283 les
1380 4233 1443 4298 plus
1456 4236 1612 4301 compleres

467 4334 517 4371 sur
529 4335 558 4371 sa
571 4335 720 4387 personne.

407 4425 437 4474 35
501 4412 513 4452 7
530 4407 571 4457 Ce
581 4407 651 4458 n'est
662 4423 710 4474 pas
720 4407 746 4459 le
756 4407 816 4458 seul
825 4407 956 4472 exemple
966 4421 1021 4472 que
1029 4405 1055 4456 la
1067 4404 1219 4472 chronique
1227 4420 1299 4455 nous
1307 4404 1401 4456 donne
1411 4405 1446 4457 de
1455 4405 1481 4456 la
1492 4407 1611 4459 reunion

465 4492 516 4543 dea
522 4493 832 4561 officesdeprecbantre
840 4503 868 4544 et
878 4492 1113 4558 d'ecoltitre.Voy.
1120 4492 1283 4552 cidessous,
1294 4491 1439 4542 Curionem
1445 4492 1610 4544 scolasticum

463 4588 489 4628 et
496 4588 686 4645 precentorem.
698 4580 722 4631 Α
734 4582 904 4647 rapprocber
916 4579 953 4631 du
967 4589 1043 4630 texte
1053 4578 1107 4630 cite
1121 4594 1170 4644 par
1184 4577 1229 4629 Du
1242 4579 1398 4640 010011,οθ
1407 4579 1588 4631 Scholasticus
1599 4599 1609 4631 .·

464 4664 635 4716 xholosticus
646 4674 684 4717 est
688 4666 838 4736 praelatus,
850 4668 929 4730 cujus
940 4666 1056 4732 officium
1065 4672 1144 4713 est-
1154 4692 1185 4701 -
1195 4692 1226 4702 -
1239 4673 1362 4730 corrupte
1372 4667 1399 4714 in
1409 4665 1487 4716 choro
1498 4664 1610 4731 legentes

464 4756 606 4820 corrigere,
629 4763 730 4806 rectum
752 4757 877 4804 indicare.
901 4755 983 4805 (lette
1003 4754 1123 4805 reunion
1143 4754 1193 4804 des
1215 4753 1289 4803 deux
1314 4753 1408 4805 olliccs
1431 4763 1473 4805 est
1496 4756 1570 4805 aisee
1593 4759 1607 4804 ir

403 4856 437 4903 10
466 4839 619 4908 expliquer
632 4855 639 4892 :
653 4841 693 4892 les
705 4841 790 4908 petits
802 4843 933 4892 chantres
945 4840 1051 4891 etaient
1062 4854 1097 4889 en
1112 4840 1204 4890 meme
1218 4848 1311 4906 temps
1323 4838 1364 4890 les
1376 4839 1505 4892 ecoliers.

500 4928 513 4962 ⁸
532 4926 650 4979 Renaud
661 4927 699 4979 du
714 4925 820 4994 Bellay‚
833 4928 1010 4994 archeveque
1022 4926 1057 4976 de
1069 4924 1168 4978 Reims
1179 4924 1214 4976 de
1229 4928 1290 4988 10⁸³
1303 4928 1319 4975 b
1335 4926 1407 4991 1096.
