4450 6125
887 881 1042 963 Sancti
1076 880 1289 963 Habenti.
1584 883 1659 965 103

554 1186 614 1244 ⁴1.
631 1178 711 1256 (53.)
727 1181 826 1260 Apud
844 1180 1070 1243 calvitiacum
1083 1186 1104 1254 ¹,
1123 1180 1331 1243 advocatus¹
1345 1179 1487 1261 quidam
1500 1178 1658 1242 Albricus
1709 1192 1780 1243 1081.

515 1281 667 1354 nomine,
690 1281 725 1342 in
748 1282 916 1362 exigendo
936 1279 1000 1342 sibi
1022 1280 1193 1343 indebitas
1217 1271 1416 1342 chorveias³
1436 1280 1522 1341 adeo
1544 1280 1657 1342 immi·

515 1381 618 1441 nebat
632 1379 854 1442 ecclesiastice
869 1377 997 1442 familie
1007 1380 1031 1454 ⁴,
1048 1389 1098 1454 ut,
1116 1380 1151 1441 in
1172 1380 1340 1453 arando·‚
1356 1396 1456 1442 vacca
1474 1379 1655 1460 cujusdam

514 1481 678 1560 pauperis
706 1479 882 1553 abortiret,
912 1480 1054 1563 eiusque
1082 1480 1154 1543 vioe
1180 1499 1239 1559 per
1269 1490 1382 1543 totum
1411 1478 1504 1542 diem
1533 1478 1656 1562 jugum

471 1607 485 1658 ς
513 1579 697 1642 sustineret
726 1580 931 1643 altrinsecus
964 1597 1104 1661 pauper.
1135 1580 1282 1642 Tantam
1317 1591 1457 1662 tamque
1490 1578 1656 1657 injustam

512 1682 723 1743 exactionem
740 1682 845 1743 abbas
864 1682 1007 1754 audivit,
1023 1693 1057 1742 et
1072 1680 1198 1743 Albrici
1219 1681 1511 1743 inhumanitatem
1530 1683 1655 1743 erbor-

512 1783 598 1854 ruit;
620 1800 809 1862 properans
830 1784 970 1844 Danum
981 1773 1017 1821 ⁶⁵
1034 1781 1221 1844 adelonem
1232 1771 1245 1808 ⁶
1258 1782 1411 1861 expetiit,
1427 1791 1461 1842 et
1480 1782 1655 1863 quomodo

509 1882 762 1945 subadvocatus
776 1884 850 1958 ejus
870 1882 1035 1944 tamiliam
1050 1882 1190 1944 ecclesie
1210 1891 1383 1955 tractaret,
1400 1881 1483 1944 satis
1497 1883 1653 1946 dolenter

508 1984 662 2065 ingessit.
680 1994 819 2064 paratus
835 1984 979 2064 probare
1000 1983 1200 2062 hujusmodi
1220 1983 1422 2063 angariam‘
1438 2000 1498 2045 nec
1519 1983 1567 2044 illi
1590 2001 1651 2045 nec

450 2115 482 2151 ιο
509 2085 606 2147 alteri
634 2086 796 2148 debitam.
826 2086 1026 2166 ludignatus
1052 2084 1158 2146 Adelo
1183 2085 1347 2146 adversus
1372 2084 1560 2159 Albricum,
1589 2088 1651 2147 boc

539 2321 565 2357 a.
584 2304 665 2355 Dans
676 2305 714 2360 Α,
729 2305 849 2356 arraudo
860 2322 930 2358 corr.
943 2322 974 2355 en
988 2305 1103 2355 arando,
1116 2333 1149 2341 —
1168 2304 1190 2356 t.
1213 2303 1316 2355 Divum
1333 2303 1436 2370 d'apris
1454 2303 1608 2355 litlintona
1626 2312 1650 2353 et

512 2390 688 2446 Wattenbach,
710 2393 778 2441 nmis
796 2392 967 2442 tvidcmment
985 2396 1001 2440 d
1019 2399 1080 2444 tart.
1102 2419 1130 2429 -
1152 2408 1175 2441 c.
1195 2391 1275 2441 Dans
1293 2392 1330 2446 A.
1353 2399 1466 2457 paratus
1487 2392 1648 2458 hujusmodi

503 2477 644 2543 angariam
659 2477 788 2543 probare,
801 2494 870 2529 corr.
884 2495 915 2527 en
928 2493 956 2543 p.
971 2493 998 2542 p.
1013 2479 1040 2528 h.
1054 2493 1079 2527 a.

537 2828 543 2855 ¹
563 2820 745 2887 Chauvency,
756 2820 952 2886 departement
961 2821 996 2872 de
1009 2821 1034 2872 la
1048 2821 1156 2884 Meum,
1165 2823 1405 2875 arrondissement
1418 2823 1453 2874 de
1466 2821 1644 2890 Montmedy.

441 2925 450 2962 t
457 2925 471 2976 5
537 2914 545 2941 ¹
565 2905 770 2962 Sabatincatns.
785 2908 855 2958 ainsi
868 2923 924 2974 quc
937 2907 1045 2973 precise
1056 2909 1168 2960 ensuite
1180 2908 1206 2959 la
1221 2908 1373 2976 Chronique

534 3000 544 3038 ³
566 2992 702 3048 Curvatas,
724 2995 849 3049 torneiae,
870 2993 1000 3049 courbine,
1023 3003 1148 3044 curvatae
1162 3012 1172 3044 .·
1190 2995 1291 3059 Operae
1305 3012 1370 3064 quas
1386 2994 1485 3045 subditi
1501 3012 1533 3045 ac
1548 2997 1645 3045 rustici

498 3081 613 3131 dominis
624 3083 680 3131 suis
689 3085 826 3149 praestare
838 3098 870 3130 ct·
882 3079 936 3147 lege
947 3090 1079 3134 tenentur.
1096 3081 1142 3132 Du
1155 3081 1269 3132 Canon.

531 3166 689 3227 ⁴Familia‚
719 3171 797 3227 serni,
828 3167 921 3227 coloni,
952 3170 979 3217 in
1007 3169 1126 3236 praediis
1154 3170 1263 3219 rusticis
1295 3176 1499 3230 commirantes,
1528 3169 1643 3219 liminis

494 3256 667 3322 practicarum
687 3256 738 3319 (sc.
757 3255 878 3305 ecclesiae
898 3255 926 3305 S.
948 3254 1079 3320 Iluberti)
1092 3254 1264 3321 famulatum
1283 3265 1307 3305 et
1325 3257 1464 3306 servitium
1484 3254 1640 3306 exhibentes.

435 3355 469 3393 ιο
498 3339 544 3392 Du
557 3340 672 3391 Casan.

531 3434 539 3471 ⁵
560 3425 808 3487 Dun·sur·lteuse,
828 3428 896 3479 ville
913 3429 950 3479 du
969 3429 1165 3494 departement
1182 3428 1217 3479 de
1236 3427 1262 3478 la
1281 3426 1390 3486 bleuse,
1403 3428 1643 3479 arrondissement

498 3512 725 3581 deMommedy.

529 3602 541 3636 ⁶
559 3602 671 3654 Adelou
684 3604 719 3655 de
732 3600 807 3654 Dun.
822 3623 834 3649 «ι
850 3601 889 3653 Le
902 3605 1017 3654 chateau
1031 3603 1066 3654 de
1081 3601 1155 3663 Dua,
1171 3602 1226 3653 bati
1246 3617 1281 3653 en
1302 3615 1363 3666 ¹055
1381 3616 1431 3668 par
1442 3600 1597 3653 Godetruid
1615 3601 1641 3651 le

498 3685 590 3740 Burbu
609 3689 678 3740 dans
694 3688 735 3740 les
751 3690 896 3740 dumaines
912 3689 947 3740 de
964 3704 993 3739 sa
1011 3688 1113 3739 lemme
1133 3687 1244 3739 Beatrix
1264 3688 1299 3739 de
1317 3687 1380 3748 Bar,
1394 3688 1461 3739 etait
1480 3689 1559 3754 passe
1576 3703 1642 3738 sous

437 3787 468 3839 ²5
498 3772 589 3825 Henri
603 3774 640 3824 ll'
653 3791 687 3826 au
701 3776 822 3842 puuvoir
833 3775 883 3825 des
895 3775 1017 3842 cneques
1026 3775 1060 3825 de
1071 3774 1197 3826 verdun.
1211 3774 1268 3825 Son
1282 3776 1405 3840 premier
1414 3773 1563 3835 chatelain,
1574 3774 1639 3833 Alo,

495 3863 569 3913 avait
587 3861 669 3913 luisse
687 3865 756 3914 trois
773 3862 827 3922 fils,
845 3863 914 3914 dunt
933 3861 1025 3921 laiac,
1046 3861 1204 3921 ll'authier,
1224 3860 1307 3912 ionda
1325 3861 1352 3912 le
1370 3862 1483 3927 prieure
1500 3861 1536 3912 de
1554 3860 1640 3912 Saint-

495 3947 586 4000 Gilles
603 3949 638 4000 de
658 3947 722 3999 Dun
740 3965 775 4000 en
798 3963 870 4013 1094,
884 3957 912 3999 et
924 3949 994 4000 dont
1007 3948 1033 3998 le
1045 3948 1149 3999 second
1162 3958 1203 3999 est
1217 3947 1243 3997 le
1257 3948 1340 3999 heros
1351 3948 1386 3999 de
1398 3956 1442 3999 cet
1454 3947 1579 4014 episode.
1594 3949 1638 3997 On

494 4035 553 4085 vnit
575 4035 644 4102 qu’il
664 4035 799 4086 demeure
816 4038 831 4085 a
851 4034 925 4094 Dun‚
943 4045 971 4085 et
989 4033 1057 4102 qu'il
1076 4045 1118 4085 est
1137 4034 1291 4086 haut-noue
1308 4037 1324 4083 a
1341 4033 1524 4101 Chauvency.
1543 4033 1639 4100 Vuyez

493 4121 633 4181 Jsan'tm,
652 4121 703 4171 Les
723 4121 887 4189 Chroni'ques
905 4122 934 4170 de
951 4121 1098 4171 Elidem
1116 4128 1140 4169 et
1157 4122 1199 4170 des
1225 4120 1368 4189 llblpms,
1389 4131 1410 4171 t.
1431 4119 1467 4180 ll,
1487 4136 1534 4186 pp.
1548 4122 1597 4184 378
1609 4131 1636 4171 et

436 4225 469 4276 30
494 4210 651 4268 suivantes3
672 4207 758 4268 IDEM,
771 4207 887 4258 Munuel
895 4209 926 4257 dc
936 4207 964 4257 la
976 4206 1077 4258 Mense.
1092 4206 1214 4257 Histoire
1225 4207 1255 4256 de
1266 4206 1422 4272 illnntmtdy
1432 4214 1456 4255 et
1467 4206 1510 4255 des
1522 4206 1636 4255 tonan.-

493 4297 657 4345 mttcsiennes
672 4295 703 4344 dc
714 4292 826 4343 l'ancicn
839 4299 921 4344 comtt
937 4294 967 4343 de
986 4293 1086 4356 ctiny,
1105 4301 1126 4344 t.
1147 4293 1169 4353 l,
1189 4309 1216 4359 p.
1236 4305 1293 4357 551.
1314 4292 1386 4343 Mais
1403 4302 1446 4343 cet
1462 4303 1563 4343 auteur
1580 4307 1634 4358 peu

490 4382 603 4432 serieux
620 4396 656 4431 ne
675 4391 743 4446 peut
761 4381 949 4446 m'empecher
966 4380 1002 4431 de
1018 4395 1157 4446 supposer
1174 4379 1242 4445 qu’il
1262 4378 1341 4445 s'agit
1362 4380 1503 4444 peut-tire
1522 4377 1635 4444 simple-

492 4477 568 4519 ment
585 4467 620 4519 de
632 4467 705 4518 celui
718 4467 786 4534 qu'il
798 4467 909 4533 appelle
923 4466 988 4525 Alo,
1002 4477 1030 4517 et
1046 4467 1094 4533 qui
1112 4467 1181 4517 dans
1198 4482 1230 4518 ce
1246 4482 1292 4518 cas
1309 4468 1399 4517 aurait
1418 4467 1487 4517 recu
1505 4466 1634 4534 jusqu'en

494 4555 566 4607 1081.
578 4573 590 4602 i
603 4553 679 4605 Note
691 4554 726 4605 de
738 4552 774 4604 G.
789 4552 907 4614 liutein,
920 4571 993 4604 aute.
1007 4555 1065 4607 citt,
1081 4563 1101 4604 t.
1114 4552 1137 4613 Ι,
1151 4569 1179 4619 p.
1190 4552 1230 4612 51,
1245 4569 1273 4606 n.
1290 4568 1311 4603 r.
1326 4554 1351 4603 A
1364 4561 1437 4604 cette
1449 4562 1526 4613 note,
1539 4553 1635 4620 j'ajou-

429 4654 462 4706 35
490 4641 558 4692 terai
574 4640 733 4692 seulement
745 4641 831 4706 qu'un
852 4639 907 4690 Alo
924 4651 972 4691 eut
989 4655 1057 4691 avec
1077 4639 1204 4706 leveque
1222 4639 1257 4690 de
1275 4639 1401 4701 Verdun,
1414 4639 1546 4707 Tbierry,
1564 4640 1633 4692 dont

489 4726 509 4777 il
527 4738 569 4778 est
587 4728 719 4794 question
732 4726 895 4786 cidessuus,
910 4742 937 4792 p.
955 4740 1010 4790 109,
1023 4726 1059 4776 de
1076 4730 1271 4777 retentissants
1283 4725 1417 4786 demeles
1430 4741 1465 4777 au
1478 4741 1561 4778 cours
1573 4727 1634 4778 des·

488 4812 569 4880 quels
582 4811 601 4862 il
619 4812 747 4863 incendia
760 4812 885 4864 Verdun.
900 4811 995 4878 Voyez
1015 4810 1105 4862 Gallia
1125 4810 1293 4867 Christiana.
1313 4822 1333 4861 t.
1353 4810 1432 4872 xm,
1454 4827 1501 4878 pp.
1526 4812 1586 4875 1187
1604 4823 1631 4861 et

487 4900 641 4951 suivantes.
