4450 6125
708 898 863 982 Sancti
892 898 1105 981 Habenti.
1396 897 1478 1003 243

337 1198 433 1260 ribus
453 1207 486 1260 et
505 1172 725 1279 congregans
745 1197 923 1269 mititibus,
947 1196 1040 1259 utin
1068 1197 1200 1276 synodo
1219 1206 1346 1279 ageret,
1369 1199 1479 1279 magis
1528 1218 1588 1264 ttot

336 1309 453 1363 autem
472 1309 509 1361 ut
524 1300 699 1362 ecclesiam
717 1309 864 1370 vexaret,
883 1298 1103 1379 Andaginum
1121 1299 1213 1360 venit
1228 1308 1261 1359 et
1275 1298 1425 1371 Wired0,
1441 1308 1480 1361 ut

337 1400 459 1464 sibiet
482 1400 552 1462 suis
577 1400 758 1461 obsonium
785 1398 920 1470 iaceret,
945 1400 1132 1461 mandavit.
1157 1398 1317 1461 Wiredus
1337 1399 1481 1462 audiens

339 1519 420 1566 eum
435 1501 591 1581 synodali
607 1518 707 1563 causa
724 1510 922 1572 venturum,
939 1500 1082 1561 omnino
1098 1500 1289 1561 indebitum
1305 1500 1335 1561 ei
1350 1518 1481 1561 recusa·

296 1626 309 1676 ς
339 1603 389 1663 vit
400 1602 592 1673 servitium,
610 1602 765 1662 videlicet
780 1619 820 1662 ex
836 1602 946 1662 edicto
963 1601 1049 1662 beati
1067 1620 1154 1681 pape
1167 1600 1332 1681 Gregorii,
1346 1601 1405 1682 qui
1420 1618 1479 1662 nec

338 1704 382 1763 ab
410 1702 581 1782 episcopo,
611 1719 670 1762 nec
698 1719 716 1762 a
745 1703 898 1783 qualibet
924 1718 1066 1780 persona
1092 1702 1292 1781 episcopalis
1316 1721 1477 1781 procura·

338 1803 462 1866 tionis⁰
472 1802 615 1864 omnino
625 1803 797 1864 interdicit
806 1802 1009 1864 monasteria
1022 1805 1271 1864 monachorum
1281 1804 1476 1883 inquietari,

337 1905 429 1985 quod
449 1907 552 1966 etiam
570 1905 790 1967 Guaicaudus
805 1904 963 1982 prohibet
979 1904 1159 1984 privilegio
1173 1923 1232 1965 sue
1248 1905 1476 1977 auetoritatis;

339 2005 554 2065 remandavit
574 2015 699 2070 tamen.
722 2004 749 2065 si
773 2004 927 2066 karitatis
946 2006 1056 2084 gratia
1076 2005 1238 2066 inviseret
1260 2006 1385 2074 locum,
1404 2008 1479 2067 hos·

294 2132 311 2168 ο
339 2106 677 2186 pitatitatemtseittt
692 2119 729 2166 ut
746 2116 779 2167 et
790 2106 865 2167 aliis
881 2108 1213 2185 supervenientibus,
1226 2106 1410 2181 facturum3
1425 2109 1477 2169 sin

337 2217 454 2269 autem
477 2208 673 2286 parrochias
688 2226 767 2268 suas
782 2207 989 2276 sollicitaret,
1008 2209 1277 2287 expectationem
1294 2226 1392 2269 suam
1411 2226 1478 2270 non

337 2307 413 2380 sibi,
430 2309 487 2369 sed
505 2307 783 2387 procuratoribus
798 2325 917 2369 earum
936 2310 1126 2370 mandaret.
1143 2310 1198 2372 bic
1212 2310 1268 2369 iile
1283 2327 1363 2370 cum
1380 2309 1428 2370 ira
1445 2320 1478 2372 et

337 2409 572 2489 indignatione
586 2408 740 2486 rejectus,
753 2409 819 2485 (vix
831 2410 922 2470 enim
936 2407 1047 2470 suerat
1059 2410 1093 2469 in
1108 2410 1354 2472 monasterium
1366 2410 1477 2490 gratia

336 2510 503 2571 orationis
514 2511 707 2583 admissus).
721 2511 755 2570 in
769 2511 914 2571 domum
928 2510 1060 2572 Otberti
1073 2521 1095 2580 ⁶,
1112 2522 1193 2573 tunc
1205 2511 1369 2590 temporis
1383 2529 1476 2591 pres·

296 2632 308 2683 5
338 2609 451 2684 biteri,
474 2612 515 2672 ad
540 2612 787 2690 hospitandum
810 2610 962 2683 divertit,
986 2622 1019 2673 ct
1047 2623 1183 2691 postera
1205 2613 1258 2673 die
1282 2612 1315 2672 in
1341 2612 1476 2673 basilica

337 2711 426 2772 beati
454 2712 577 2791 Egidii,
604 2731 670 2793 que
698 2729 794 2789 prius
819 2713 862 2771 ab
888 2713 1032 2792 antiquo
1052 2715 1264 2783 constiterat,
1292 2714 1477 2775 inhonore

337 2814 425 2874 beati
439 2813 590 2893 Dionysii
604 2814 621 2852 ἅ
632 2814 794 2892 martyris
806 2826 828 2885 ς
841 2814 973 2894 synodo
984 2825 1101 2875 exacta
1117 2814 1310 2874 Bastoniam
1325 2814 1475 2875 divertit.

339 2913 397 2986 ibi,
415 2925 511 2975 sexto
526 2915 604 2975 idus
618 2914 780 2994 januarii.
799 2914 1097 2975 archidiaconatus
1111 2913 1164 2975 sui
1179 2914 1318 2975 clericos
1334 2914 1478 2974 concilio
1496 2926 1637 2991 tjmrier.

337 3014 466 3077 indicto
481 3018 644 3087 evocavit,
665 3026 698 3076 et
716 3017 778 3076 hoc
796 3016 944 3077 maxime
959 3016 1001 3076 ad
1019 3014 1159 3077 insidias
1174 3026 1206 3077 et
1222 3014 1477 3094 oppressionem

291 3139 312 3173 ιο
337 3116 569 3177 ecciesiebeati
582 3116 1477 3196 Huberti.incastroautem.qu0dAmbradictumest

336 3215 380 3276 ab
399 3216 552 3297 antique,
576 3217 797 3297 Andaginum
819 3236 899 3278 vero
922 3219 1171 3278 monasterium
1194 3217 1476 3296 cognominatum

337 3334 354 3377 a
373 3319 471 3378 beato
488 3319 656 3397 Beregiso.
677 3329 785 3378 mater
800 3318 938 3380 ecclesia
955 3320 1154 3379 constiterat
1172 3320 1204 3378 in
1223 3319 1377 3379 honores
1391 3320 1477 3379 beati

339 3417 431 3478 Petri
452 3418 685 3496 apostolorum
707 3418 882 3498 principis,
902 3420 946 3478 ab
967 3418 1065 3479 initio
1082 3418 1129 3478 ibi
1149 3429 1264 3478 exorte
1285 3417 1477 3478 christiani-

338 3518 428 3579 tatis.
454 3518 487 3577 in
510 3521 583 3591 hac,
606 3529 642 3579 ut
659 3519 757 3598 longe
774 3520 971 3598 predictum
986 3530 1049 3591 est,
1067 3519 1286 3581 Gualcaudus
1300 3536 1478 3597 episcopus

291 3635 309 3685 ῖς
339 3617 545 3689 Leodiensis,
560 3638 698 3681 assensu
713 3622 834 3682 Leonis
848 3620 991 3682 Romani
1001 3620 1182 3699 pontificis,
1193 3622 1478 3700 consitioquoque

340 3719 532 3781 Hildeboldi
553 3721 807 3800 metropolitani
828 3722 1056 3792 Coloniensis,
1081 3723 1218 3781 hortatu
1240 3733 1343 3781 ettam
1367 3720 1478 3780 Ludo·

336 3818 400 3881 vici
416 3820 562 3880 Piissimi
575 3822 803 3900 imperatoris,
818 3821 876 3882 filii
891 3823 1005 3901 magni
1021 3822 1145 3894 Karoii,
1156 3823 1379 3883 constituerat
1390 3820 1481 3881 ordi·

340 3938 418 3982 nem
440 3924 623 3983 monastice
645 3922 829 4002 religionis,
851 3942 917 4003 que
938 3925 1127 3983 seeundum
1148 3941 1345 3983 eanonicam
1365 3933 1479 3984 aucto·

341 4022 477 4084 ritatem
508 4035 741 4101 permanserat
769 4042 810 4085 ex
840 4031 921 4084 tunc
947 4041 1008 4103 per
1031 4043 1140 4085 annos
1166 4035 1333 4085 trecentos
1358 4025 1477 4105 viginti

291 4139 314 4186 »ο
339 4125 971 4205 quinque¹positionismonachorum,
986 4126 1089 4186 libera
1100 4127 1478 4205 totiusinquietudinis.

342 4224 421 4296 Hes,
450 4233 486 4285 ut
511 4235 561 4286 est
589 4226 770 4305 proprium
798 4227 918 4287 matris
940 4228 1088 4299 ecclesie,
1113 4228 1307 4307 legitimum
1331 4229 1478 4307 possidet

372 4417 398 4450 a.
417 4403 629 4467 procurationes
645 4404 681 4454 Α.
696 4431 727 4439 -
745 4402 767 4454 d.
783 4403 973 4469 hospitalitem
987 4404 1023 4453 A.
1039 4431 1069 4440 -
1080 4421 1101 4452 c.
1111 4403 1203 4454 uberti
1214 4404 1250 4454 Α.
1262 4433 1292 4439 -
1304 4405 1328 4452 d.
1340 4404 1429 4455 dionii
1442 4405 1478 4454 Α.

341 4516 371 4524 -
390 4504 403 4535 e
431 4504 464 4536 on
478 4490 574 4538 matris
587 4490 623 4540 Α.
638 4518 667 4525 -
687 4491 707 4544 s'.
728 4492 840 4540 hunone
854 4491 889 4539 ri.

379 4785 386 4811 ¹
410 4776 516 4827 Erreur
530 4778 670 4837 evidente,
692 4794 809 4844 parsque
828 4777 1040 4828 l’interventiou
1059 4779 1094 4828 de
1112 4778 1245 4830 walt-aud
1263 4798 1292 4830 se
1310 4781 1388 4847 praee
1406 4795 1486 4834 entre

291 4875 315 4926 ις
344 4864 393 4926 817
404 4875 431 4913 et
442 4866 504 4928 ⁸²53
521 4880 606 4930 vovet
619 4865 762 4923 cidessus,
776 4881 813 4930 pp
834 4864 849 4914 6
862 4874 888 4914 et
902 4865 963 4914 suiv
984 4877 990 4922 ;
1003 4864 1027 4915 le
1038 4867 1230 4932 chroniqueur
1243 4883 1257 4916 a
1272 4867 1484 4932 probabis-ment

346 4949 433 5001 voulu
447 4951 507 5000 dire
523 4967 528 4997 z
544 4964 600 5014 ²75-
