4450 6125
833 884 987 968 Sancti
1021 886 1233 969 Huberti.
1371 847 1375 853 x
1520 893 1601 977 235

472 1061 628 1072 -η

463 1189 591 1252 ecclesie
606 1191 715 1248 nostre
729 1185 913 1260 periculum
932 1185 1105 1247 Lamberto
1118 1187 1140 1260 ¹,
1153 1188 1361 1250 Atrebatensi
1370 1204 1385 1230 ὦ
1400 1192 1559 1268 episcopo,
1575 1200 1604 1254 et

463 1292 582 1351 domno
595 1286 768 1360 Rodulpho
780 1285 791 1311 ²
809 1285 1010 1347 Virdunensi
1022 1287 1142 1359 abbati,
1159 1289 1337 1370 multisque
1351 1291 1430 1353 aliis
1443 1294 1518 1354 sani
1528 1313 1604 1355 cou-

464 1391 537 1451 silii
556 1389 639 1448 viris
654 1385 911 1462 deploraremus,
929 1387 1074 1448 adhunc
1090 1392 1219 1449 tandem
1232 1389 1335 1465 linem
1351 1393 1548 1467 devenimus,
1568 1400 1604 1456 ut

462 1496 574 1563 sponte
597 1496 709 1550 nostra
731 1489 855 1564 privati
869 1487 1025 1550 baculum
1044 1492 1241 1568 pastoralem
1264 1493 1333 1554 loco
1356 1495 1604 1573 nostrosratri»

406 1599 434 1652 ·5
463 1592 585 1669 busque
606 1589 856 1659 remitteremus,
881 1606 919 1648 ne
940 1594 1074 1667 propter
1094 1608 1153 1650 nos
1174 1593 1220 1651 eis
1241 1594 1381 1654 eveniret
1401 1595 1489 1674 quod
1511 1599 1604 1658 time·

464 1693 589 1752 bamus.
607 1689 696 1748 Huic
716 1693 823 1748 tamen
838 1693 948 1749 nostre
962 1691 1156 1764 privationi,
1173 1708 1212 1750 ex
1226 1693 1364 1754 consilio
1379 1695 1602 1770 predictorum

462 1794 627 1860 virorum,
650 1807 686 1850 ea
708 1788 853 1848 conditio
878 1794 923 1848 est
948 1791 1142 1868 interposita
1170 1795 1199 1851 el
1226 1794 1373 1871 signatis
1398 1795 1518 1857 litteris
1535 1775 1602 1872 str-

462 1898 576 1954 mata:
599 1910 649 1950 me
669 1908 705 1950 eo
726 1895 818 1961 pacto
839 1890 971 1964 privari
990 1891 1149 1960 consensi,
1172 1892 1204 1951 si
1223 1897 1405 1954 communis
1427 1914 1602 1960 consensus

460 1995 609 2073 fratrum
632 1990 702 2051 loco
724 2009 792 2051 meo
811 1990 945 2070 eligeret
959 2010 1084 2067 preesse
1097 1992 1162 2053 sibi
1176 1994 1349 2071 quemdam
1365 1995 1599 2075 Berengerum,

405 2107 434 2142 ¹0
461 2095 605 2156 abbatem
621 2093 735 2152 Sancti
748 2090 931 2163 Laurentii,
949 2094 1010 2170 qui
1022 2092 1119 2167 prius
1135 2094 1315 2154 monachus
1336 2097 1443 2156 nostri
1462 2099 1599 2167 cenobii,

460 2195 603 2255 eamdem
632 2195 824 2253 sententiam
852 2211 952 2271 quam
981 2193 1168 2270 tuebamur,
1199 2195 1371 2256 videbatur
1398 2199 1496 2258 lueri.
1532 2179 1601 2259 Hoc

461 2296 544 2358 idem
566 2293 640 2362 fieri
660 2295 857 2363 censuimus,
881 2299 918 2353 ut
941 2295 1025 2353 idem
1047 2293 1255 2374 Berengcrus
1276 2315 1295 2355 a
1315 2297 1437 2357 domno
1458 2298 1600 2359 Henrico

459 2395 638 2456 venerabili
651 2392 804 2471 pontifice
823 2400 1027 2454 consecratus
1042 2395 1078 2453 in
1093 2394 1253 2466 abbatem,
1270 2396 1416 2456 iterande
1433 2416 1600 2458 consecra-

462 2498 561 2558 tionis
589 2497 630 2557 ab
659 2495 790 2555 Otberto
818 2496 935 2555 vitaret
964 2496 1194 2556 necessitatem.
1231 2495 1326 2569 Quod
1357 2514 1432 2556 cum
1465 2499 1601 2559 omnino

402 2613 429 2662 Ι5
461 2598 565 2668 facere
594 2596 704 2665 nollet,
732 2602 760 2654 ct
786 2597 871 2655 tedio
899 2593 1000 2673 hujus
1027 2595 1199 2654 dilationis
1229 2595 1383 2656 Otbertus
1409 2596 1598 2673 eligendum

457 2700 598 2760 abbatem
616 2696 780 2772 fratribus
795 2697 961 2769 indiceret,
975 2702 1004 2756 et
1021 2695 1076 2755 illi
1087 2697 1262 2775 quemdam
1275 2686 1286 2721 ³
1300 2714 1437 2756 suorum
1453 2714 1599 2758 commu·

457 2800 545 2859 niter
564 2798 732 2873 eligerent,
755 2797 862 2874 frater
881 2797 1047 2868 Wiredus,
1073 2797 1239 2857 nobiscum
1261 2796 1342 2857 olim
1362 2815 1460 2857 causa
1483 2799 1599 2858 tuende

449 2899 532 2977 fidei
546 2917 697 2979 egressus
715 2899 753 2958 de
768 2899 977 2972 monasterio,
993 2903 1021 2957 et
1038 2897 1165 2957 Olberti
1180 2903 1260 2958 tunc
1270 2896 1477 2958 acerrimusi
1492 2899 1598 2977 impu·

455 3006 590 3080 gnator,
608 3000 751 3077 predicte
772 3017 899 3078 quoque
917 2998 1080 3059 electionis
1102 3004 1303 3074 spontaneus
1323 3004 1478 3071 assertor,
1496 3001 1597 3060 eidem

398 3118 428 3153 20
455 3103 551 3163 electo
564 3100 737 3174 persuasit,
754 3106 789 3159 ut
801 3101 934 3160 interim
947 3100 1037 3159 domi
1051 3105 1200 3171 cessaret,
1215 3118 1253 3158 ne
1266 3102 1416 3177 gratiam
1431 3101 1596 3162 electionis

453 3220 510 3261 sue
532 3203 618 3261 dono
639 3199 914 3260 excommunicati
939 3198 1098 3274 inficerel;
1121 3199 1278 3278 ipsequc⁶
1299 3200 1341 3258 ad
1369 3200 1539 3261 Otbertum
1564 3221 1597 3261 se

453 3302 601 3374 contulit,
629 3307 659 3361 ct
684 3306 792 3379 preter
812 3300 1043 3360 conscientiam
1067 3304 1214 3359 nostram
1239 3304 1271 3358 et
1294 3299 1444 3375 fratrum
1468 3301 1596 3361 electio·

453 3422 524 3464 nem
546 3404 584 3462 de
607 3421 708 3462 manu
726 3402 851 3462 Otberti
866 3400 1029 3462 abbatiam
1045 3401 1177 3463 invasit.
1200 3401 1467 3480 Cogitationibus
1488 3405 1595 3462 autem

452 3506 521 3584 ejus
533 3526 564 3566 se
576 3506 712 3566 invicem
722 3504 739 3542 d
747 3503 985 3573 accusantibus,
1000 3520 1075 3563 cum
1086 3521 1119 3563 se
1130 3503 1339 3582 aliquamdiu
1354 3520 1373 3561 a
1388 3502 1596 3579 suscipienda

391 3624 422 3674 25
451 3608 691 3668 consecratione
715 3605 842 3666 Otberti
864 3602 1080 3675 subtraheret,
1105 3607 1135 3662 et
1156 3602 1309 3663 Otberlus
1331 3601 1390 3661 hoc
1413 3603 1522 3678 ipsum
1544 3602 1595 3660 in-

451 3710 613 3787 telligens,
630 3727 703 3768 eum
718 3708 761 3768 ad
776 3707 1029 3768 consecrandum
1041 3705 1177 3783 ‘sepius
1198 3708 1351 3774 evocaret,
1368 3701 1491 3778 fratres
1509 3720 1595 3762 corn-

451 3811 639 3870 munionem
670 3816 699 3870 et
727 3808 960 3884 subjectionem
991 3824 1086 3868 suam
1119 3806 1397 3866 contradixerunt
1424 3804 1466 3876 ei,
1496 3803 1527 3863 si
1553 3803 1595 3863 ab

482 4008 508 4041 a.
533 4006 566 4039 au
590 3988 758 4040 atrabatensi
780 3989 817 4038 A.
837 4016 868 4025 —
892 3986 915 4040 b.
939 3987 1120 4046 accerrimus
1142 3987 1244 4051 corrigi
1263 3989 1316 4052 par
1338 3983 1540 4049 expanduntur
1561 3998 1593 4030 en

450 4076 613 4137 acerrimus
627 4076 694 4125 dans
704 4075 742 4127 A.
757 4102 787 4112 -
806 4092 828 4127 c.
849 4075 950 4141 ipeque
968 4073 1004 4123 Α.
1020 4102 1052 4110 -
1070 4073 1095 4125 d,
1116 4071 1196 4122 Dans
1211 4071 1248 4127 Α,
1268 4087 1299 4120 on
1313 4070 1345 4120 lit
1356 4086 1386 4121 se
1398 4070 1519 4120 invicem
1532 4066 1593 4133 ejus

388 4175 422 4224 30
450 4166 552 4230 corrigi
563 4181 594 4213 cn
607 4179 632 4214 e.
646 4180 668 4215 s.
683 4164 702 4216 i.
716 4192 748 4199 -
766 4180 787 4212 e.
807 4160 1047 4214 consencrandum
1061 4160 1098 4210 Α.

484 4523 490 4548 ¹
511 4514 654 4575 Lambert,
669 4514 776 4579 civique
791 4512 905 4562 d'Arras
918 4511 952 4561 de
967 4524 1028 4576 1093
1042 4512 1057 4559 'a
1073 4521 1145 4572 1115,
1159 4506 1290 4558 consuere
1308 4520 1357 4572 par
1373 4504 1481 4555 Urbain
1495 4502 1521 4552 ΙΙ
1540 4501 1591 4552 lui-

451 4602 552 4661 mbmoe
573 4610 647 4651 cette
665 4600 856 4650 circonstance
873 4595 1007 4663 explique
1026 4595 1166 4661 pourquoi
1179 4593 1301 4659 Thierry
1314 4591 1340 4641 ΙΙ
1359 4592 1493 4658 invoque,
1512 4596 1592 4640 entre

451 4694 509 4736 tant
526 4687 658 4746 d’autreS,
677 4701 708 4736 ce
727 4684 913 4751 temoignage.
934 4683 1006 4749 Voy.
1029 4681 1119 4731 Gallia
1139 4680 1307 4734 Christiana,
1323 4686 1343 4728 t.
1359 4677 1409 4739 111,
1429 4675 1483 4727 col.
1499 4688 1544 4738 3²²
1563 4685 1591 4724 et

452 4786 522 4825 suiv.

384 4865 417 4915 35
485 4865 494 4891 ²
512 4858 613 4918 Raoul,
627 4857 698 4909 abbe
714 4858 749 4908 de
766 4856 955 4907 Saint-Vanne
971 4854 1124 4915 isVerdun,
1140 4868 1204 4919 voy.
1222 4851 1366 4909 cidessus,
1380 4866 1407 4915 p.
1424 4862 1466 4912 ¹7¹
1482 4855 1509 4897 et
1523 4862 1550 4895 11.
1567 4861 1588 4895 1.

484 4950 494 4987 ³
511 4944 648 5005 Ginaia),
662 4945 807 5005 ci-dessuS,
822 4959 849 5009 p.
865 4956 922 4995 220.
