4450 6125
542 837 618 919 124
748 818 1060 902 Cantatorinm
1089 827 1182 903 sine
1217 823 1467 905 Chronicon

533 1125 630 1180 tanto
650 1116 796 1179 interius
817 1116 1026 1199 advigilabat
1048 1117 1202 1193 liberius,
1225 1130 1356 1200 quanto
1370 1121 1413 1181 de
1427 1118 1581 1182 externis
1599 1120 1679 1180 dor·

535 1219 663 1280 miebat
683 1218 847 1280 securius.
872 1218 937 1281 Sed
960 1237 1040 1281 eum
1064 1237 1131 1281 non
1155 1220 1308 1283 multum
1331 1219 1435 1282 distet
1456 1219 1493 1282 in
1510 1219 1607 1297 vitio,
1624 1221 1678 1282 vel

534 1317 689 1396 decipere
713 1317 766 1378 vel
787 1316 896 1395 decipi
919 1337 1029 1397 posse,
1045 1320 1081 1380 in
1097 1321 1161 1381 hoc
1176 1321 1409 1399 dampnosum
1424 1319 1530 1381 nimis
1545 1319 1680 1383 crimen

537 1418 674 1480 miscuit
702 1419 809 1500 glorie
837 1437 913 1492 sue,
944 1420 1036 1500 quod
1066 1419 1306 1500 imprudenter
1335 1421 1533 1501 patiebatur
1561 1421 1680 1483 seduci

537 1539 657 1584 eorum
679 1519 872 1582 miserrima
890 1522 1119 1602 suggestione.
1138 1521 1225 1583 Nam
1241 1523 1269 1583 si
1284 1540 1389 1603 quem
1404 1521 1457 1582 vel
1472 1522 1584 1603 gratia
1600 1539 1682 1583 con·
1726 1533 1737 1584 5

537 1621 779 1704 sanguinitatis
797 1621 850 1683 vel
870 1632 1004 1702 accepte
1026 1622 1193 1685 mercedis
1208 1624 1334 1684 vellent
1350 1623 1485 1685 noviter
1498 1635 1642 1686 casare·
1658 1624 1680 1695 ¹,

538 1726 602 1786 hoc
618 1724 659 1786 de
676 1724 849 1802 prebenda
864 1721 1012 1784 fratrum
1031 1722 1103 1784 sine
1123 1741 1244 1785 eorum
1265 1741 1432 1786 consensu
1453 1741 1523 1785 non
1544 1725 1684 1788 dubita-

538 1827 621 1887 bant
634 1825 749 1886 abbati
767 1823 983 1903 persuadere,
999 1822 1123 1905 illeque
1137 1841 1260 1886 eorum
1275 1824 1489 1904 persuasioni
1503 1842 1572 1887 non
1583 1825 1684 1888 diffe-

538 1927 633 1992 rebat
658 1926 806 1986 obedire.
837 1925 906 1986 lloc
932 1925 1034 1985 modo
1062 1924 1180 1986 amisit
1207 1923 1435 1986 ecclesiastica
1463 1923 1613 2001 utilitas,
1641 1946 1685 1991 ex

537 2031 690 2112 antiquis
713 2026 980 2106 possessionibus
1000 2026 1087 2097 suis,
1110 2025 1247 2087 Vineias
1271 2034 1305 2087 et
1332 2025 1560 2099 lesterneias,
1583 2041 1684 2094 etex
1717 2051 1751 2088 ιο

538 2131 714 2215 acquisitis
733 2131 776 2190 ab
796 2129 916 2190 eodem
931 2127 1054 2190 abbate
1071 2126 1213 2199 noviter,
1232 2119 1455 2190 Sulmodium
1469 2127 1505 2189 in
1522 2129 1687 2209 proximo

539 2242 573 2294 et
589 2231 715 2292 Tavers
730 2230 766 2290 in
784 2228 955 2291 Hasbanio
970 2231 992 2290 ².

487 2453 494 2469 .
580 2424 639 2482 53.
657 2418 738 2499 (67.)
759 2408 882 2479 Anno³
905 2416 1039 2478 Domini
1064 2415 1141 2478 1086
1150 2418 1174 2493 ⁴,
1190 2414 1416 2477 ordinationis
1431 2431 1511 2476 vero
1529 2432 1591 2476 sue
1607 2413 1648 2478 32
1661 2406 1686 2490 ⁵,

573 2615 599 2647 a.
618 2611 726 2648 cassare
738 2596 775 2649 Α.

576 2891 583 2917 ¹
606 2883 715 2944 Casare,
732 2883 843 2934 donner
860 2898 896 2933 en
914 2881 968 2943 fiel,
988 2892 1015 2932 et
1034 2882 1107 2933 aussi
1126 2881 1245 2932 investir
1261 2880 1329 2932 d'un
1346 2878 1482 2932 benefice.
1502 2878 1550 2931 Du
1566 2879 1688 2932 Canes.
1724 2901 1733 2938 ι
1740 2900 1755 2950 5

576 2977 585 3004 ²
604 2969 644 3020 La
664 2969 799 3021 donatiun
823 2969 858 3019 de
884 2968 1018 3019 Walcaud
1041 2969 1226 3034 comprenait,
1251 2983 1323 3018 nous
1345 2966 1454 3018 l'avons
1476 2982 1513 3017 vu
1536 2967 1690 3031 ci—deesus,

542 3073 590 3125 pp.
615 3072 642 3108 12
664 3066 693 3108 et
716 3072 755 3118 14,
776 3055 943 3107 Lesterninis
963 3055 1132 3122 (Lesterny)
1153 3065 1181 3106 et
1209 3053 1323 3121 Vingitis
1346 3052 1489 3120 (Viugnis,
1516 3052 1688 3123 Vivegnis);

541 3155 629 3210 quant
646 3147 661 3195 a
680 3143 850 3194 Sulmodium
870 3142 937 3208 (lire
959 3141 1161 3206 Summoulum,
1183 3140 1293 3208 Sumal)
1316 3150 1345 3192 et
1371 3140 1469 3191 Tavers
1492 3140 1692 3206 (Taviersen-
1743 3160 1747 3170 ·

544 3231 701 3298 Hesbaye),
715 3246 780 3298 voy.
793 3230 938 3292 cidessuS,
952 3245 979 3295 p.
993 3229 1034 3294 67.
1049 3228 1162 3280 Notons
1173 3244 1228 3295 que
1241 3228 1281 3279 les
1294 3239 1367 3280 mots
1376 3228 1512 3279 cidessus
1524 3230 1552 3278 in
1559 3231 1692 3297 proxima

542 3317 731 3385 s'appliqucnt
743 3318 807 3383 plus
818 3325 995 3368 exactement
1007 3319 1022 3366 a
1035 3315 1143 3377 Smuid,
1161 3315 1282 3381 depend.
1300 3315 1335 3366 de
1352 3314 1436 3368 Libin
1453 3313 1689 3387 (Luxembourg,
1719 3333 1757 3370 20

543 3405 746 3465 Neulchttteau,
769 3402 998 3468 saint-Hubert),
1021 3402 1084 3469 qu'it
1104 3402 1209 3463 Somal,
1234 3402 1355 3468 depend.
1379 3402 1415 3453 de
1439 3402 1525 3455 Malle
1548 3403 1689 3472 (Namur,

543 3494 659 3553 Dinant,
672 3491 787 3558 Ciney).

576 3587 587 3625 3
605 3579 701 3647 Voyez
713 3578 739 3629 le
752 3577 821 3629 recit
833 3576 948 3628 detaille
960 3576 1009 3627 des
1021 3575 1149 3626 derniers
1161 3582 1253 3642 temps
1265 3574 1300 3625 de
1313 3574 1339 3625 la
1356 3575 1401 3626 vie
1413 3575 1449 3626 de
1463 3575 1587 3646 Thierry
1603 3577 1642 3629 1⁶¹
1660 3591 1692 3632 et

543 3649 619 3722 desa
633 3676 716 3727 mort,
729 3665 798 3716 dans
810 3664 836 3714 le
855 3662 914 3714 l’ita
930 3662 1090 3725 Theoderici,
1104 3677 1144 3712 ce.
1160 3675 1191 3728 an
1203 3669 1231 3712 et
1243 3662 1394 3713 suivantcs.
1410 3661 1490 3714 Nous
1501 3672 1639 3717 noterons
1652 3683 1690 3720 au

544 3755 634 3806 iuret
652 3756 666 3803 a
686 3767 797 3802 mesure
816 3750 856 3800 les
872 3750 1064 3815 divergences‚
1084 3764 1138 3814 peu
1157 3748 1342 3813 importantes
1365 3747 1518 3811 d'ailleurs,
1539 3750 1589 3802 des
1608 3751 1689 3805 deux
1719 3765 1754 3819 ις

545 3842 638 3891 rccits.
1031 3832 1035 3839 “

578 3935 589 3968 t
609 3925 778 3975 Barlaamus*
791 3932 819 3973 et
832 3921 1047 3972 ll'arrnxaacn
1064 3920 1207 3987 corrigent
1225 3935 1260 3970 en
1282 3922 1357 3984 1087;
1375 3918 1420 3986 j'ai
1441 3920 1551 3973 discute
1570 3920 1694 3991 longue-

547 4020 625 4062 ment
641 4020 669 4060 et
689 4007 778 4059 solute
797 4008 873 4058 leurs
892 4007 998 4058 raisons
1016 4007 1084 4058 dans
1103 4021 1169 4057 mon
1189 3990 1277 4056 Etude
1292 4007 1414 4073 critique,
1434 4023 1481 4074 pp.
1501 4009 1548 4059 118
1566 4017 1596 4060 et
1612 4011 1692 4062 suiv.

545 4098 578 4150 Je
603 4112 639 4148 ne
665 4112 739 4147 veux
769 4095 879 4161 ajouter
903 4093 1008 4160 qu'une
1034 4093 1215 4144 observation
1240 4107 1247 4143 τ
1278 4092 1303 4143 la
1333 4093 1488 4160 principale
1516 4108 1624 4161 preuve
1654 4097 1695 4150 de

544 4184 725 4237 l'exactitude
741 4183 777 4234 de
795 4182 822 4233 la
838 4181 902 4232 date
923 4181 997 4242 1086,
1016 4189 1058 4231 est
1077 4196 1132 4231 une
1149 4182 1245 4232 charte
1262 4180 1298 4231 de
1316 4178 1443 4242 Renaud,
1461 4182 1641 4249 archeveque
1653 4184 1693 4238 de
1722 4204 1760 4255 30

546 4272 653 4332 Reims,
667 4270 774 4321 rendue
791 4285 826 4320 en
848 4268 920 4327 1086,
933 4277 960 4318 et
975 4268 1171 4319 mentionnant
1184 4268 1311 4317 datianum
1327 4265 1515 4318 Theodericum
1526 4268 1691 4329 secundum,

547 4359 641 4409 Semcti
664 4356 782 4407 Huberti
802 4353 927 4406 ablatem.
958 4353 1034 4404 Pour
1062 4353 1162 4403 eluder
1191 4368 1222 4404 oe
1251 4353 1438 4420 temoignage,
1470 4351 1631 4406 Bethmann
1663 4367 1696 4409 et

547 4445 732 4496 wattenbach
746 4443 935 4502 observaient,
945 4456 1013 4492 avec
1026 4441 1128 4501 raison,
1139 4455 1194 4507 que
1205 4441 1311 4491 certain
1324 4439 1448 4491 clement
1456 4440 1492 4491 de
1502 4439 1528 4491 la
1536 4440 1602 4492 date
1612 4442 1651 4495 de
1660 4458 1697 4497 ee

546 4531 681 4596 diploma,
701 4530 843 4578 indictione
859 4528 896 4590 X,
916 4527 1028 4594 postule
1046 4527 1071 4578 la
1088 4528 1153 4577 date
1174 4528 1246 4592 1087.
1266 4525 1338 4577 Mais
1359 4542 1395 4577 en
1419 4525 1527 4590 realite,
1550 4526 1698 4598 l'original

549 4627 639 4684 porte,
658 4632 714 4668 nun
732 4616 766 4676 X,
787 4616 855 4666 mais
874 4613 962 4668 VIII:
979 4614 1146 4682 l'argument
1163 4614 1213 4665 des
1230 4623 1342 4664 savants
1359 4612 1484 4664 editeurs
1501 4612 1600 4666 tumbe
1615 4615 1698 4671 donc
1727 4635 1762 4690 ³5

548 4703 779 4769 complctemcnt.
793 4702 864 4768 Voy.
879 4700 914 4754 G.
930 4700 1049 4762 nonan,
1062 4717 1137 4753 orere.
1151 4702 1210 4756 citi,
1226 4709 1246 4750 t.
1262 4700 1283 4760 1,
1298 4715 1336 4766 pp
1359 4698 1391 4760 64
1403 4709 1431 4750 et
1444 4700 1517 4752 suiv.

585 4799 593 4835 5
612 4790 686 4841 C'cst
705 4800 799 4851 exact:
818 4789 938 4857 Tbierry
958 4789 994 4840 1⁶¹
1013 4799 1090 4852 repul
1107 4787 1133 4838 la
1149 4787 1344 4840 consecration
1359 4786 1500 4839 abbatiale
1516 4803 1552 4839 en
1571 4802 1647 4855 1055,
1667 4791 1699 4846 le

551 4895 563 4932 2
578 4879 681 4931 levriur
690 4895 696 4937 ;
711 4892 776 4944 voy.
789 4877 934 4938 cidessus,
949 4893 975 4943 p.
990 4890 1031 4928 20.
