4450 6125
548 845 602 931 94
755 823 1066 904 Cantatorium
1096 826 1189 903 sine
1224 819 1475 903 Chronieon

421 1132 494 1196 1076.
545 1121 669 1185 Sancto
684 1122 834 1186 Sabbato
852 1123 935 1185 sacri
953 1122 1170 1203 baptismatis
1181 1135 1195 1161 ‘⁸
1210 1121 1320 1185 fontes
1338 1140 1396 1184 ore
1414 1120 1556 1202 proprio
1568 1137 1686 1183 couse-

543 1225 688 1287 craverit
701 1225 721 1296 ¹,
739 1224 887 1305 qualiter
910 1224 973 1285 hoc
995 1225 1086 1285 idem
1106 1221 1119 1260 ὖ
1136 1222 1353 1304 privilegium
1378 1221 1498 1284 matris
1521 1219 1686 1283 ecclesie'

540 1343 601 1386 sua
628 1326 831 1387 auctoritate
860 1325 1050 1387 laudaverit
1080 1333 1112 1385 et
1139 1323 1346 1403 probaverit,
1375 1332 1505 1406 quanta
1530 1331 1564 1385 et
1589 1319 1683 1404 quali

539 1425 647 1504 gloria
663 1435 697 1487 et
711 1426 815 1488 letitia
833 1426 1026 1505 paschalem
1042 1424 1334 1505 sollempnitatem
1348 1423 1585 1496 celebraverit,
1598 1423 1681 1484 olim

541 1527 687 1589 relatum
701 1527 756 1588 vix
771 1527 932 1589 credibile
944 1525 1116 1588 videbitur
1130 1527 1287 1606 posteris.
1302 1526 1391 1588 Cum
1407 1535 1441 1588 et
1455 1525 1522 1606 ipsi
1534 1524 1682 1588 curiales
1721 1535 1731 1588 5

538 1627 711 1709 episcopii,
727 1627 922 1707 posthabita
939 1629 1033 1702 urbe,
1050 1629 1091 1689 ab
1106 1627 1267 1708 episcopo
1282 1645 1316 1689 se
1331 1628 1428 1709 quasi
1442 1627 1480 1688 in
1495 1626 1683 1689 solitudine

537 1730 676 1791 adeum
698 1730 894 1792 convenisse
916 1729 1193 1809 indignarentur,
1211 1747 1272 1790 nec
1288 1738 1404 1791 tamen
1419 1731 1472 1791 vel
1493 1730 1530 1792 in
1552 1726 1682 1790 divinis

538 1831 750 1910 sollempniis
762 1832 813 1891 vel
829 1832 864 1892 in
881 1848 999 1892 rernm
1013 1829 1223 1891 exteriorum
1235 1830 1341 1910 copiis
1356 1849 1391 1894 se
1405 1848 1476 1894 esse
1488 1831 1682 1893 diminutos

537 1931 757 1994 mirarentur.
781 1931 986 1993 Elaborabat
1010 1947 1149 2011 quoque
1174 1930 1356 2012 episcopus
1382 1949 1425 1994 ne
1450 1943 1593 2012 propter
1613 1931 1680 1994 lre·

535 2033 713 2112 quentiam
728 2032 889 2094 curialem
903 2032 988 2092 ordo
1003 2029 1178 2110 religionis
1193 2030 1345 2111 aliquam
1358 2041 1534 2111 pateretur
1544 2030 1682 2113 inquie-
1712 2049 1743 2086 ιο

536 2133 703 2207 tudinem,
720 2133 777 2194 sed
797 2141 831 2194 et
850 2133 877 2193 si
897 2132 1049 2212 quando,
1064 2132 1175 2212 gratia
1196 2129 1429 2213 refrigerandi,
1445 2130 1611 2195 fratribus
1625 2133 1682 2194 vel

535 2233 569 2293 in
596 2232 738 2295 lectione
764 2233 816 2294 vel
842 2233 876 2293 in
903 2232 1153 2294 collocutione‘
1178 2236 1341 2295 interesse
1366 2234 1511 2306 volebat,
1538 2250 1683 2295 exsecu-

534 2345 624 2395 tores
638 2333 656 2372 d
668 2352 747 2396 suos
765 2333 800 2395 in
821 2335 894 2413 ipso
913 2330 1052 2395 claustri
1074 2331 1172 2394 aditu
1188 2351 1255 2395 ase
1275 2335 1446 2412 rejiciebat
1459 2346 1482 2410 ‘,
1500 2343 1534 2396 et
1549 2342 1627 2414 post
1642 2351 1681 2396 se

533 2435 715 2497 accludens
728 2436 844 2497 valvas
859 2433 956 2516 quasi
972 2434 1117 2516 quidam
1138 2434 1294 2514 privatus
1313 2434 1592 2518 adgaudentibus
1610 2435 1679 2498 sibi

535 2548 728 2599 reverenter
742 2537 974 2599 conveniebat.
1714 2557 1743 2610 ις

384 2757 414 2809 ²7
429 2760 510 2796 mars.
573 2743 632 2800 33.
648 2736 727 2820 (45.)
745 2737 821 2819 Jam
837 2736 892 2797 die
911 2735 996 2799 sesto
1016 2737 1199 2811 mediante,
1219 2737 1451 2800 llerimaunus
1467 2737 1680 2801 Metensium

532 2829 742 2918 episcopus³
767 2837 859 2899 venit
884 2854 966 2899 eum
991 2837 1150 2910 invisere,
1178 2846 1212 2899 et
1237 2847 1400 2918 exceptus
1424 2841 1468 2900 ab
1492 2838 1569 2920 ipso
1593 2856 1679 2902 curn

531 2940 721 3001 honorabili
748 2938 958 3019 processione
984 2947 1077 3000 tante
1101 2938 1368 3017 sollempnitatis
1391 2939 1573 3002 videbatur
1599 2940 1680 3002 leti·

530 3039 613 3103 tiam
632 3040 778 3104 auxisse.
797 3039 838 3102 Et
852 3040 932 3121 quia
956 3039 1058 3121 longo
1077 3048 1156 3101 ante
1179 3050 1332 3119 tempore
1351 3039 1581 3103 amicissimus
1600 3052 1681 3104 erat

528 3142 642 3203 abbati
668 3138 917 3215 Theodericof,
941 3138 1015 3218 ejus
1040 3139 1297 3221 congregationi
1323 3140 1358 3201 in
1381 3139 1529 3202 crastino
1550 3158 1679 3203 eorum
1711 3157 1746 3196 20

560 3361 586 3395 a.
606 3343 766 3409 baptimatis
778 3342 815 3395 Α.
829 3371 862 3379 -
880 3341 902 3393 d.
922 3341 1015 3393 iddem
1029 3342 1067 3394 Α.
1081 3370 1113 3379 -
1130 3358 1154 3391 c.
1172 3341 1253 3391 Dans
1264 3342 1302 3397 A,
1317 3341 1455 3391 aedessas
1472 3348 1503 3391 de
1515 3340 1685 3410 (collo)cu,

525 3432 613 3492 tione,
632 3431 657 3481 le
672 3432 768 3497 capiate
783 3447 799 3478 a
817 3430 882 3479 §crit
900 3427 1088 3495 (collo)qui0,
1108 3429 1177 3477 mais
1194 3444 1257 3477 sans
1273 3429 1331 3477 rien
1349 3429 1456 3493 efferar.
1475 3456 1508 3466 -
1525 3428 1551 3481 d.
1571 3443 1681 3482 execu·

527 3527 602 3569 tores
613 3517 651 3568 A.
665 3546 698 3554 -
714 3533 736 3567 e.
756 3516 885 3567 reitiebat
898 3516 935 3568 A.
948 3544 982 3553 -
992 3516 1021 3580 s.
1041 3515 1184 3567 teoderico
1198 3516 1236 3568 A.

523 3847 780 3901 auterieurement?
803 3846 922 3900 J'hesire
947 3850 963 3897 a
988 3846 1016 3897 le
1038 3847 1140 3908 croire,
1164 3845 1191 3897 la
1214 3844 1395 3898 benediction
1419 3845 1468 3897 des
1491 3844 1567 3899 lonts
1590 3855 1621 3898 et
1645 3847 1676 3901 le

525 3936 654 4003 bapteme
672 3936 721 3987 des
738 3934 954 3986 catechumenes
971 3934 1049 3984 etant
1066 3932 1201 3985 l'esseuoe
1219 3933 1311 3983 meme
1328 3932 1367 3984 du
1385 3932 1515 3985 solenuel
1531 3932 1615 3986 office
1631 3935 1674 3989 du
1708 3949 1741 4002 ²5

525 4022 728 4075 smodi-saint
740 4023 808 4073 dans
821 4022 847 4073 la
859 4021 974 4090 liturgic
986 4022 1132 4083 ancienne,
1146 4019 1269 4087 laquelle
1281 4020 1456 4072 n'admettait
1469 4037 1517 4089 pas
1529 4020 1566 4073 de
1578 4037 1675 4076 messe

524 4125 555 4161 oe
567 4110 679 4176 jour-lli.
693 4109 727 4161 Je
739 4110 824 4160 serais
837 4108 919 4174 porte
931 4111 947 4158 a
960 4109 1022 4159 voir
1034 4108 1102 4158 dans
1115 4123 1146 4159 ce
1160 4116 1219 4158 mot
1232 4122 1288 4158 une
1299 4106 1421 4160 allusion
1437 4123 1472 4159 au
1489 4111 1604 4177 cortege
1620 4109 1675 4162 des

523 4198 739 4249 catechumenos
761 4195 962 4264 accompagnes
985 4195 1020 4246 de
1043 4195 1120 4245 leurs
1141 4196 1268 4261 parrains
1288 4204 1316 4246 et
1338 4195 1499 4247 marraiues.
1523 4194 1675 4250 Petit-ecre

525 4284 615 4333 meme
628 4282 854 4333 conviendrait·il
867 4282 902 4333 de
915 4281 967 4331 lire
982 4296 988 4330 :
1002 4297 1063 4330 cum
1074 4279 1181 4348 publica
1193 4288 1217 4330 et
1220 4280 1348 4345 fratrum
1357 4283 1529 4350 processione.

559 4376 565 4402 ¹
585 4368 631 4420 On
649 4380 781 4420 trouvera
797 4368 837 4419 les
854 4368 955 4418 details
970 4368 1005 4418 de
1022 4367 1048 4417 la
1061 4367 1241 4418 benedictina
1253 4367 1303 4418 des
1314 4364 1390 4419 lonts
1402 4367 1582 4435 baptismaux
1592 4377 1623 4422 et
1634 4371 1673 4423 de
1705 4386 1741 4437 30

525 4454 550 4505 la
571 4458 731 4520 processioa
751 4471 814 4506 vers
834 4454 860 4505 le
883 4455 1034 4521 baptistbre
1055 4453 1125 4504 dans
1148 4452 1348 4516 Guuuan'orsn,
1369 4470 1445 4506 ouvr.
1465 4456 1525 4512 citt,
1549 4471 1598 4523 pp.
1621 4459 1674 4523 716

525 4554 552 4593 et
565 4545 637 4593 suiv.

560 4638 567 4662 ²
586 4628 706 4695 L'eglise
723 4628 894 4695 paroissiale,
915 4643 979 4695 voy.
998 4626 1144 4689 cidessus,
1164 4642 1192 4693 p.
1206 4627 1247 4689 61,
1267 4642 1286 4677 n
1311 4640 1335 4678 2.
1355 4626 1409 4678 Sur
1426 4642 1458 4679 ce
1476 4627 1617 4698 privilege
1634 4631 1673 4684 de

524 4718 630 4784 l’e'glise
644 4718 782 4770 abbatiale
798 4718 832 4768 de
849 4716 1064 4778 saint-Hubert,
1081 4715 1130 4767 cir.
1146 4724 1228 4766 notre
1243 4715 1403 4783 Chronique,
1418 4715 1584 4779 cidessous,
1597 4733 1623 4771 c.
1636 4732 1672 4787 94

526 4810 614 4874 (125).
1702 4821 1737 4875 ³5

560 4902 569 4938 r
590 4893 660 4959 l'oy.
673 4892 817 4952 cidessus,
831 4906 858 4957 p.
874 4904 914 4956 71,
929 4906 956 4940 n.
975 4905 995 4941 ι.
