4450 6125
567 822 649 928 248
771 826 1082 908 Cuntatorium
1111 832 1205 910 sive
1240 827 1491 910 Chronicon

444 1143 515 1190 nor.
563 1126 657 1198 tavit,
683 1125 769 1186 adeo
798 1133 838 1185 ut
866 1123 1018 1186 custodie
1046 1121 1258 1204 manciparet
1286 1124 1491 1188 domesticos
1521 1123 1699 1196 Frederici,

561 1225 723 1307 prepositi
738 1224 878 1286 ecclesie
895 1224 982 1286 beati
1000 1223 1185 1286 Lamberti.
1201 1223 1298 1287 Unde
1312 1233 1474 1288 evocatus
1487 1225 1700 1307 querimonia

561 1327 672 1389 tocius
691 1326 772 1387 cieri
795 1324 1001 1399 leodiensis,
1023 1325 1341 1407 venitaquisgrani
1363 1327 1533 1406 palatium
1554 1327 1700 1392 domnus

561 1429 587 1491 F
589 1429 761 1491 redericus
777 1427 1062 1506 metropolitanus
1077 1426 1289 1490 Coloniensis
1303 1433 1331 1501 ’ς
1347 1427 1547 1511 ibidemque
1561 1428 1699 1492 audien·

561 1531 645 1591 tiam
671 1529 830 1591 canonice
854 1528 1074 1590 discussionis
1100 1527 1237 1608 publice
1262 1529 1459 1592 habendam
1480 1528 1629 1593 Otberto
1651 1530 1698 1592 in·
1734 1545 1745 1596 5

560 1630 658 1691 dixit.
676 1628 822 1691 Advenit
838 1627 1014 1704 Otbertus,
1030 1627 1168 1690 advenit
1183 1639 1311 1691 etcum
1332 1628 1516 1693 abbatibus
1537 1640 1573 1692 et
1593 1632 1700 1695 archi·

561 1729 713 1792 diaconis
742 1728 924 1808 multiplex
956 1729 1196 1791 teodiensium
1225 1729 1349 1792 clerus.
1386 1730 1469 1793 Erat
1499 1729 1700 1796 millesimus

561 1831 768 1892 centesimus
803 1838 949 1910 quartus
979 1847 1091 1891 annus
1123 1829 1292 1892 incarnati
1321 1829 1434 1908 Verbi,
1468 1827 1554 1894 l'eria
1583 1843 1700 1914 quinta

561 1931 673 2012 prime
686 1930 921 1992 hebdomade·
931 1929 1204 2012 quadragesime.
1219 1930 1292 1993 Sub
1304 1930 1438 1994 hisdem
1450 1929 1559 1994 ferme
1570 1933 1698 2010 diebus,

562 2041 701 2094 venerat
716 2032 879 2093 wiredus
896 2030 1074 2102 leodium,
1091 2031 1134 2092 de
1148 2031 1357 2112 quibusdam
1371 2030 1556 2110 injusticiis
1569 2033 1700 2098 ecclesie
1724 2053 1746 2088 ιο

518 2129 522 2138 “
562 2144 675 2194 nostre
686 2131 1121 2210 illatiscausaturuslapud
1132 2130 1491 2205 Otbertum;audiens
1501 2140 1621 2198 autem
1632 2147 1699 2198 tam

561 2232 721 2315 frequens
736 2233 949 2295 auditorium
965 2234 1072 2315 Aquis
1085 2232 1295 2309 convenisse,
1306 2232 1495 2296 comitatus
1507 2233 1698 2308 Lamberto,

561 2335 722 2412 adelone,
757 2335 886 2398 ibidem
923 2334 1110 2396 maturavit
1144 2334 1272 2397 adesse.
1306 2333 1418 2411 Quem
1456 2345 1572 2415 preter
1607 2355 1699 2418 spem

560 2435 735 2499 advenisse
758 2434 885 2503 mirati.
909 2442 1168 2514 precesserunt⁶
1182 2433 1216 2494 in
1234 2432 1329 2496 curia
1350 2433 1458 2515 regali
1482 2433 1652 2500 hienricus
1669 2447 1700 2502 et

563 2539 678 2600 liruno
692 2535 933 2604 archidiaconi,
951 2543 1095 2615 postque
1109 2534 1301 2597 orationem
1317 2534 1446 2615 palatio
1462 2535 1699 2602 introductum
1724 2555 1745 2608 ις

560 2638 888 2699 commendaverunt
901 2633 1096 2696 Coloniensi
1111 2632 1274 2713 pontifici.
1285 2636 1312 2697 Α
1323 2651 1394 2716 quo
1405 2635 1575 2716 hylariter
1584 2654 1700 2720 exeep-

561 2750 617 2800 tus
642 2748 676 2800 et
700 2735 927 2808 deosculatus,
950 2735 1181 2816 interrogatus
1205 2752 1343 2817 quoque
1366 2737 1409 2798 ad
1435 2735 1522 2817 quid
1545 2737 1699 2812 venisset,

561 2841 686 2920 illeque
707 2839 859 2919 graviter
880 2836 1057 2916 suspirans
1074 2836 1215 2898 interim
1230 2837 1398 2910 reticeret.
1415 2834 1502 2916 (jam
1516 2838 1612 2902 enim
1625 2847 1701 2904 ante

562 2939 779 3021 premonitus
799 2948 873 3000 erat
894 2957 913 2999 a
937 2938 1140 3018 Berengero,
1165 2936 1260 2999 nullo
1276 2938 1378 3001 modo
1391 2936 1457 3001 sibi
1472 2935 1544 3003 sore
1564 2940 1699 3014 utilesi

560 3041 650 3103 inter
675 3048 727 3103 tot
751 3039 982 3112 adversitates,
1008 3055 1108 3100 suam
1133 3055 1201 3121 que
1224 3048 1298 3101 erat
1325 3038 1464 3119 gravior
1491 3055 1634 3105 causam
1660 3043 1700 3107 de
1722 3057 1748 3095 2⁰

561 3139 700 3203 hlirvolt
715 3140 879 3201 adversus
895 3137 1079 3200 Otbertum
1094 3137 1144 3201 sic
1158 3156 1361 3219 oppressum
1381 3138 1606 3221 ingravaret),
1623 3158 1699 3223 poo-

559 3242 640 3306 tiiex
660 3258 831 3322 exurgens
848 3239 1080 3320 Berengerum
1098 3247 1133 3301 et
1152 3240 1367 3320 Stephanum
1386 3240 1529 3305 abbates
1548 3260 1699 3308 seorsum

559 3342 723 3414 evocavit,
747 3351 780 3402 et
802 3349 841 3402 ut
861 3340 925 3401 sibi
947 3339 1202 3420 querimoniam
1223 3358 1304 3403 cum
1326 3342 1443 3404 dolore
1465 3342 1641 3409 reticentis
1659 3362 1698 3408 ex

557 3444 677 3505 ordiue
709 3452 929 3521 exponerent,
964 3459 1024 3521 per
1054 3441 1285 3504 obedientiam
1317 3441 1453 3507 indixit.
1487 3443 1699 3527 Berengerus

557 3544 687 3625 optime
716 3544 871 3605 conscius
900 3542 947 3603 rei
976 3552 1010 3605 et
1043 3542 1174 3621 peritus
1206 3542 1355 3617 dicendi,
1387 3546 1480 3626 quod
1517 3545 1698 3625 jubebatur
1720 3562 1744 3617 ις

557 3646 746 3716 enarravit;
761 3644 916 3704 videlicet
931 3645 1106 3724 quomodo
1122 3643 1314 3722 predictum
1329 3655 1481 3708 castrum
1495 3646 1595 3709 omni
1610 3646 1698 3729 adja-

555 3748 644 3808 centi
675 3745 847 3825 provincie
878 3742 1052 3818 infestum,
1082 3762 1123 3804 cx
1157 3743 1268 3806 edicto
1301 3744 1436 3807 Henrici
1469 3745 1697 3828 imperatoris,

557 3846 690 3907 viribus
717 3846 824 3907 tocius
852 3844 1072 3925 lotharingie
1098 3845 1154 3906 vix
1178 3844 1288 3907 fuerat
1311 3845 1498 3925 dejectum3
1526 3848 1700 3930 quomodo

556 3946 600 4007 ab
636 3946 795 4025 episeopo
825 3946 970 4006 ilenrico
1002 3953 1223 4020 restructum,
1253 3946 1448 4026 iterumque
1476 3948 1521 4009 ab
1548 3946 1612 4011 illo
1636 3948 1699 4012 sub

556 4046 841 4108 interminatione
857 4047 1013 4124 perpetui
1033 4046 1263 4108 anathematis
1278 4047 1509 4121 destructum
1524 4048 1698 4131 quomodo
1721 4066 1747 4117 Ρ

554 4151 659 4211 etiam
677 4167 768 4209 nunc
784 4148 819 4207 in
835 4148 979 4208 exitium
1000 4148 1134 4209 ecclesie
1153 4148 1239 4208 beati
1257 4148 1399 4211 Huberti
1414 4156 1590 4214 constaret
1605 4148 1697 4213 refir-

555 4261 701 4311 matum.
720 4249 957 4328 Subjungente
971 4260 1087 4310 autem
1104 4247 1275 4327 pontifice.
1288 4266 1351 4311 cur
1362 4249 1442 4311 inde
1454 4250 1563 4313 abbas
1577 4250 1698 4313 clamo·

585 4454 611 4488 a.
633 4436 789 4502 epdoruade
801 4437 838 4488 .i.
853 4464 883 4473 -
902 4435 924 4487 ll.
945 4438 1058 4488 citurus
1070 4439 1106 4487 .i.
1123 4466 1152 4473 -
1170 4454 1193 4488 c.
1213 4445 1411 4504 processerunt
1425 4436 1464 4491 A.

589 4730 595 4755 ¹
620 4721 761 4779 liri-ilinc.
775 4724 951 4789 arthuri-qut·
964 4724 999 4774 dc
1012 4723 1139 4791 (.'olognc
1151 4725 1186 4774 de
1203 4726 1291 4789 1099ir
1305 4737 1331 4775 rr
1336 4737 1378 4787 31,
1390 4724 1517 4791 premier
1526 4724 1563 4779 de
1574 4740 1608 4781 ee
1620 4742 1697 4783 noto.

552 4808 625 4875 l’oy.
643 4807 733 4859 Gallia
749 4808 915 4863 t'lrretvima.
933 4820 952 4860 t.
968 4809 1019 4869 111,
1032 4809 1087 4861 cul.
1101 4810 1147 4875 671
1162 4819 1190 4861 ut
1202 4810 1274 4861 suiv.
1292 4808 1351 4861 Cir.
1365 4808 1475 4863 him!
1485 4822 1546 4865 voit
1559 4810 1696 4878 Kmuu,
1721 4820 1747 4873 35

550 4908 625 4941 orrrr.
641 4896 699 4947 rili,
717 4905 735 4943 ι.
751 4892 784 4951 l',
799 4908 845 4958 pp.
859 4894 941 4957 97·98
953 4902 980 4943 et
991 4896 1102 4961 passim.

1589 5512 1826 5753 ...a
