4450 6125
602 864 677 948 174
807 844 1119 925 Cantatorium
1148 851 1241 924 sine
1276 841 1525 925 Chronicon

591 1139 840 1201 rationabiliter
854 1142 1069 1214 conclusisse,
1082 1158 1152 1202 non
1164 1141 1322 1218 expedire
1336 1139 1385 1201 eis
1400 1138 1504 1199 talem
1517 1137 1632 1199 virum
1644 1149 1658 1173 ‘¹
1670 1154 1736 1198 sua

589 1239 690 1320 culpa
706 1241 859 1319 perdere,
875 1243 934 1323 qui
951 1242 1093 1304 remisso
1108 1240 1321 1304 auctoritatis
1337 1239 1496 1320 pondere,
1510 1254 1580 1299 non
1591 1241 1736 1300 erubes-

589 1338 707 1402 cebatl
723 1342 901 1403 humiliter
920 1359 1103 1421 exposcere
1122 1343 1227 1422 quod,
1244 1342 1271 1403 si
1287 1340 1398 1413 vellet,
1416 1347 1549 1420 poterat
1563 1337 1737 1401 violenter

589 1456 719 1521 cogere,
733 1459 800 1503 non
814 1442 883 1521 jam
897 1443 1048 1504 multum
1059 1444 1178 1503 aberat
1189 1442 1285 1523 quin,
1300 1451 1337 1503 ut
1349 1440 1487 1514 dicitur,
1500 1439 1617 1522 gladio
1628 1438 1735 1501 melle

587 1540 674 1603 lito¹
696 1542 853 1605 deiiceret
871 1543 941 1621 jam
967 1560 1051 1624 pene
1073 1551 1242 1624 prostrata
1268 1543 1302 1603 in
1326 1542 1375 1605 eis
1393 1540 1547 1603 veritatis
1563 1538 1731 1611 defensio,
1783 1556 1798 1605 5

587 1644 651 1704 nisi
667 1644 879 1706 subvenisset
895 1645 947 1705 vel
962 1645 1035 1706 solo
1055 1644 1188 1724 pudore
1210 1644 1393 1723 paululum
1414 1648 1575 1705 cunctata
1594 1640 1731 1704 consilii

584 1744 683 1806 ratio.
715 1746 920 1807 Decedentes
951 1762 1101 1826 namque
1135 1743 1171 1805 in
1204 1753 1338 1822 partem
1371 1740 1493 1805 fratres
1524 1741 1731 1804 consulendi

581 1844 703 1925 gratia,
721 1861 800 1906 cum
815 1843 1017 1926 aliquandiu
1030 1844 1229 1908 dubitarent
1244 1861 1286 1904 an
1303 1841 1516 1917 desisterent,
1538 1860 1582 1905 an
1600 1840 1730 1922 persia·

582 1954 693 2006 terent
708 1946 744 2005 in
759 1944 939 2017 sententia,
955 1944 1096 2005 tandem
1108 1943 1237 2022 placuit
1252 1943 1413 2004 omnibus
1428 1943 1534 2005 nichil
1548 1941 1726 2023 agendum

581 2044 654 2105 sine
666 2045 797 2106 abbatis
808 2043 1024 2117 conscientia,
1034 2061 1139 2124 quem
1153 2042 1249 2105 nullo
1260 2042 1405 2123 legitimi
1418 2042 1586 2105 examinis
1596 2041 1728 2122 judicio
1761 2061 1796 2099 ιο

582 2144 743 2206 videbant
756 2145 871 2205 adhuc
886 2144 1095 2221 depositum,
1107 2160 1281 2224 quemque
1296 2142 1449 2204 sciebant
1464 2143 1593 2205 nullius
1607 2142 1728 2207 crimi-

582 2243 635 2306 nis
645 2244 834 2322 objectione
845 2248 933 2321 juste
944 2244 1203 2323 deponendum,
1221 2243 1377 2304 inducias
1388 2243 1500 2321 potius
1510 2244 1553 2304 ab
1565 2243 1730 2324 episcopo

580 2355 789 2424 expeterent,
806 2347 913 2407 donec
934 2346 1037 2407 missa
1053 2345 1223 2427 legatione
1237 2346 1397 2408 abbatem
1411 2362 1516 2423 super
1530 2344 1585 2407 his
1600 2362 1727 2407 conve-

580 2446 695 2507 nirent
708 2455 753 2521 et,
771 2445 799 2508 si
819 2455 970 2526 possent,
987 2446 1171 2526 impetrata
1193 2445 1414 2508 immunitate
1436 2445 1541 2506 libere
1563 2446 1726 2508 veniendi

579 2556 612 2608 et
624 2547 815 2622 recedendi,
829 2564 945 2609 secum
958 2546 1058 2608 illum
1071 2547 1292 2608 deducerent.
1307 2546 1407 2622 Quod
1421 2563 1501 2609 cum
1513 2545 1726 2609 difficulter*
1759 2566 1789 2617 ις

578 2647 807 2709 obtinuissent
830 2657 864 2708 et
890 2658 958 2710 tres
980 2647 1021 2708 ad
1042 2648 1202 2708 abbatem
1226 2645 1348 2709 iratres
1367 2645 1606 2721 destinassent,
1632 2647 1727 2711 inter

577 2748 764 2829 agendum,
787 2749 930 2828 quidam
952 2747 1187 2810 Bullonienses
1200 2746 1231 2822 d,
1247 2747 1414 2829 gregariis
1433 2746 1639 2811 satellitibus
1653 2751 1725 2812 col·

577 2846 683 2921 lectis,
707 2848 798 2926 apud
822 2848 1069 2928 Gruispontem
1094 2848 1281 2911 latentibus
1308 2849 1343 2909 in
1371 2848 1456 2911 silva
1479 2849 1626 2927 insidiis,
1649 2852 1725 2914 vias

575 2951 784 3014 obsederunt
799 2962 833 3014 et
849 2954 1051 3016 duodecim‘
1072 2954 1227 3015 vehicula
1243 2953 1415 3035 rapientes
1429 2955 1556 3035 quibus
1572 2953 1722 3018 deduce·

577 3051 679 3114 batur
693 3052 881 3134 episcopale
898 3055 1089 3129 servitium,
1106 3055 1214 3117 donec
1229 3073 1268 3116 ea
1285 3054 1533 3124 dividerentur,
1549 3055 1586 3117 in
1606 3066 1721 3118 castro
1749 3071 1782 3109 ²⁰

574 3153 666 3233 quod
688 3156 783 3233 juxta
800 3165 875 3217 erat
894 3155 1038 3217 Mervolt
1057 3156 1311 3219 concluserunt.
1330 3155 1499 3237 Vulgante
1518 3153 1622 3230 lama,
1638 3175 1719 3239 que,

575 3262 614 3316 ut
628 3272 732 3316 suum
747 3264 809 3330 est,
825 3255 868 3318 de
883 3255 1037 3319 minimis
1051 3257 1179 3319 exaltat
1194 3258 1356 3331 maxima,
1374 3257 1559 3319 nunciatur
1574 3257 1721 3322 otberto

574 3370 609 3417 se
624 3372 703 3416 cum
718 3357 789 3418 suis
803 3358 846 3418 ab
861 3356 1011 3418 inimicis
1029 3358 1318 3430 circumventum,
1334 3358 1398 3420 hac
1411 3365 1445 3419 et
1464 3357 1542 3420 illac
1561 3358 1668 3421 latere
1683 3359 1719 3421 in

572 3454 667 3518 silvis
680 3448 837 3519 cuneoss
847 3458 1010 3531 hostium,
1028 3457 1109 3519 talia
1124 3459 1300 3519 neminem
1314 3476 1483 3521 ausurum
1498 3457 1564 3521 nisi
1581 3460 1718 3542 magnis

573 3555 704 3619 viribus
731 3558 916 3620 confisum.
945 3558 1045 3637 Cepit
1074 3558 1312 3639 unusquisque
1341 3559 1491 3638 pericula
1525 3570 1623 3622 metu
1652 3577 1717 3624 suo
1744 3571 1772 3625 2⁵

574 3657 699 3732 metiri,
716 3658 803 3721 alius
818 3658 925 3721 alium
940 3658 982 3720 ad
998 3657 1115 3740 fugam
1133 3660 1281 3735 hortari3
1297 3659 1412 3741 sicque
1428 3660 1585 3740 proxima
1601 3672 1712 3734 nocte,

571 3759 764 3821 condictis!
792 3761 948 3821 locorum
977 3759 1110 3840 peritis,
1138 3758 1261 3822 infecto
1286 3761 1422 3842 negotio
1448 3771 1589 3841 propter
1618 3766 1710 3845 quod

572 3868 722 3932 venerat,
740 3877 800 3939 per
814 3861 966 3923 occultos
980 3859 1180 3923 anfractus*
1195 3860 1360 3923 Otbertus
1381 3861 1528 3925 recessit.
1545 3862 1615 3940 Qui
1630 3881 1713 3928 vcro

570 3960 665 4021 missi
685 3959 820 4023 fuerant
838 3960 880 4023 ad
902 3963 1095 4024 vocandum
1110 3963 1282 4038 abbatem,
1299 3980 1381 4025 cum
1396 3974 1553 4044 presente
1572 3964 1713 4030 Dodone

464 4097 470 4105 -
569 4060 598 4121 ei
629 4078 747 4123 rerum
775 4061 932 4123 ordinem
962 4063 1171 4135 retulissent,
1202 4063 1342 4126 consilio
1372 4065 1526 4140 ejusdem
1558 4065 1714 4132 Dodonia
1739 4075 1769 4126 30

601 4297 626 4331 a.
647 4280 726 4331 Dans
743 4282 780 4336 Α,
801 4285 877 4344 apris
895 4281 987 4332 virum
1006 4298 1037 4330 on
1056 4280 1089 4330 lit
1106 4282 1136 4331 in
1154 4296 1203 4331 sua
1221 4281 1303 4348 culpa
1326 4310 1357 4320 -
1375 4280 1399 4334 b.
1417 4282 1666 4338 erubesscebatA.
1680 4313 1714 4327 -

567 4382 589 4417 c.
608 4365 750 4418 dificulter
764 4369 802 4418 Α.
820 4396 852 4405 -
870 4368 896 4419 d.
916 4367 1097 4418 Buloniensis
1112 4368 1150 4420 Α.
1169 4396 1200 4406 -
1217 4385 1240 4420 e.
1258 4367 1370 4420 duocim
1388 4369 1425 4419 A.
1442 4395 1475 4406 -
1485 4369 1514 4434 s.
1531 4368 1629 4435 consus
1644 4373 1715 4426 daus

567 4452 604 4504 A.
617 4481 650 4490 -
665 4471 691 4516 g.
712 4453 858 4505 conductis
870 4455 907 4503 A.
920 4481 953 4492 -
970 4457 997 4504 Ιι.
1018 4452 1169 4506 amfractus
1181 4454 1218 4507 A.

600 4799 606 4824 ¹
628 4790 826 4856 Hieronymum
848 4794 884 4841 itu
906 4793 1012 4849 dixisse,
1032 4801 1126 4842 araclor
1145 4802 1182 4843 es!
1200 4792 1333 4844 Erasmus
1351 4797 1379 4845 in
1397 4796 1512 4862 Adagiis
1528 4795 1713 4858 Latinorum.

564 4876 639 4928 Note
651 4876 686 4926 dc
700 4876 869 4927 llarmmsx
881 4889 909 4929 et
922 4878 1146 4930 wir-rasmcrr.
1747 4889 1779 4945 35
