4450 6125
944 848 1099 929 Sancti
1130 847 1338 931 Habenti.
1671 846 1723 931 65

586 1164 653 1226 que
670 1145 798 1208 nullius
812 1153 910 1206 erant
926 1142 1024 1212 feodi,
1041 1145 1224 1206 elemosine
1243 1146 1348 1223 patris
1364 1145 1415 1206 sui
1435 1164 1470 1206 se
1492 1162 1727 1224 recognoscere

586 1257 620 1310 et
641 1245 860 1319 confirmare,
879 1245 1036 1306 relictum
1054 1262 1135 1305 vero
1157 1246 1361 1307 thesaurum
1385 1264 1502 1307 rerum
1523 1247 1596 1319 eius
1619 1245 1727 1306 mobi-

588 1345 675 1408 lium
697 1344 732 1405 in
754 1344 926 1424 presentia
941 1362 1063 1405 eorum
1080 1362 1116 1405 sc
1131 1343 1216 1406 velle
1235 1362 1313 1407 cum
1338 1347 1459 1407 abbate
1479 1345 1648 1418 dividere;
1664 1347 1727 1406 hoc

589 1445 638 1506 illi
667 1445 737 1523 jam
765 1442 948 1512 sufficeret,
977 1462 1037 1505 nec
1065 1462 1099 1506 se
1127 1445 1278 1525 amplius
1307 1448 1490 1527 superbis
1521 1448 1726 1510 molestaret.

545 1570 560 1624 ς
590 1546 802 1608 Adhortatus
815 1545 932 1619 abbas,
950 1554 988 1606 ut
1002 1544 1142 1606 interim
1159 1564 1226 1627 que
1241 1547 1515 1609 concedebantur
1529 1548 1728 1626 susciperet,

590 1663 700 1728 neque
717 1646 875 1724 juvenem
887 1646 1093 1726 quandoque
1106 1647 1360 1709 meliorandum
1373 1657 1599 1729 exasperaret,
1612 1651 1731 1713 exhor·

590 1747 743 1810 rantibus
771 1746 880 1818 cessit,
911 1755 1049 1808 etcum
1080 1732 1262 1808 Godelrido
1289 1749 1331 1810 ad
1361 1750 1525 1811 scrinium
1554 1749 1731 1811 dividendi

590 1848 744 1908 thesauri
770 1846 825 1907 vix
855 1846 1054 1925 compulsus
1084 1848 1232 1909 accessit.
1263 1845 1467 1910 Godefridus
1495 1849 1617 1910 ablatis
1650 1848 1732 1909 inde

591 1948 818 2029 septingentis
849 1947 998 2009 marchis
1026 1949 1172 2029 argenti.
1199 1950 1233 2009 in
1263 1950 1487 2021 candelabris,
1517 1951 1553 2011 in
1581 1948 1672 2011 scitis
1698 1958 1732 2011 et

534 2076 566 2113 ro
592 2049 742 2112 scutellis
757 2048 899 2129 aliisque
916 2049 1119 2110 utensilibus
1134 2049 1249 2118 variis,
1266 2050 1380 2111 abbati
1402 2060 1513 2132 cetera
1530 2050 1677 2131 reliquit,
1695 2067 1734 2112 ea

593 2159 708 2210 tamen
734 2148 938 2220 conditione,
965 2156 1005 2210 ut
1029 2166 1066 2208 ea
1096 2149 1294 2227 disponeret
1322 2160 1475 2228 respectu
1507 2150 1637 2212 consilii
1666 2150 1731 2212 sui.

594 2248 746 2311 Consilio
768 2260 884 2311 tamen
904 2249 1109 2311 Heribrandi
1132 2249 1305 2310 castellani
1334 2250 1551 2331 aliorumque
1579 2249 1734 2311 fidelium

594 2368 750 2423 suorum,
780 2350 839 2431 qui
869 2351 898 2412 ei
929 2362 1174 2431 suggesserunt
1204 2363 1219 2387 ⁰
1249 2369 1288 2411 ne
1317 2351 1365 2413 sic
1393 2351 1584 2413 inhumane
1612 2351 1734 2413 annul-

596 2451 682 2512 laret
705 2446 722 2534 ‚⁶
744 2452 967 2513 elemosinam
994 2451 1180 2530 patrissui
1209 2469 1313 2530 super
1341 2452 1531 2530 predictam
1561 2468 1736 2512 summam

540 2582 549 2617 r
555 2579 568 2632 5
597 2554 742 2633 argenti,
753 2552 922 2631 disposuit
932 2551 1046 2613 abbati
1060 2563 1093 2613 et
1104 2553 1355 2614 successoribus
1366 2552 1439 2628 ejus
1447 2550 1576 2612 Bellam
1586 2550 1715 2610 Vallem
1727 2555 1737 2581 ¹

598 2672 678 2716 cum
691 2652 818 2715 familia
834 2664 868 2714 et
886 2655 996 2714 banno
1010 2663 1044 2713 et
1056 2653 1219 2713 omnibus
1234 2650 1362 2714 finibus
1376 2661 1409 2712 et
1424 2651 1641 2733 acquestibus
1655 2648 1737 2724 suis,

598 2756 638 2816 ad
659 2774 746 2834 opus
761 2752 909 2815 fratrum
928 2752 1199 2814 deservientium
1218 2753 1285 2813 Deo
1304 2753 1339 2813 in
1360 2753 1498 2815 ecclesia
1518 2753 1605 2815 beati
1629 2751 1739 2826 Petri;

598 2856 688 2937 quod
707 2854 847 2916 vadium
866 2855 980 2936 quiete
999 2854 1042 2914 ab
1064 2853 1111 2913 eis
1136 2871 1330 2932 possessum
1353 2862 1405 2914 est
1419 2853 1442 2924 ²,
1459 2853 1626 2934 quamdiu
1647 2852 1740 2913 idem

600 2955 803 3019 Godeiridus
822 2955 961 3044 advixit.

540 3157 575 3195 20
641 3134 781 3213 2404.)
794 3133 874 3193 Erat
886 3150 954 3194 non
967 3135 1067 3214 longe
1078 3150 1098 3194 a
1111 3134 1232 3211 majori
1244 3133 1381 3194 ecclesia
1395 3130 1496 3192 fiscus
1509 3120 1740 3202 caviniacus³,

601 3252 642 3296 ex
661 3233 870 3314 patrimonio
887 3233 1060 3295 Richcldis
1079 3234 1267 3295 Montensis
1285 3232 1453 3294 comitisse
1469 3233 1492 3303 ⁴,
1516 3248 1582 3311 que
1604 3230 1742 3291 viduata

633 3433 658 3465 a.
678 3424 832 3483 suggerunt
850 3415 889 3465 Α.
912 3443 941 3453 -
961 3414 983 3464 b.
1002 3415 1141 3466 anullaret
1160 3416 1196 3464 A.

638 3667 830 3721 ¹Bellevaur.
860 3667 1040 3734 dependance
1070 3667 1105 3718 de
1134 3665 1350 3717 Noireiontaine
1381 3665 1618 3732 (luxembourg,
1647 3662 1744 3715 Neui-

601 3757 728 3814 chateau,
744 3753 901 3819 Bouillon).

542 3856 573 3907 25
638 3850 646 3877 ²
664 3842 707 3893 Al
727 3844 764 3891 eis
784 3841 891 3894 semble
912 3843 1043 3909 indiquer
1060 3842 1124 3909 qu'a
1142 3851 1217 3893 cette
1235 3841 1345 3907 epoque
1362 3840 1389 3891 le
1405 3839 1597 3906 chroniqueur
1608 3853 1645 3887 ne
1655 3835 1746 3888 iaisait

604 3945 651 3996 pas
663 3944 767 3981 encore
778 3929 869 3995 partie
880 3929 916 3980 de
928 3928 954 3979 13
966 3927 1167 3980 communaute
1179 3929 1214 3979 de
1232 3926 1366 3978 Bouillon
1373 3943 1379 3986 ;
1398 3941 1431 3976 ce
1447 3926 1496 3992 qui
1508 3933 1551 3976 est
1568 3922 1715 3976 conforme
1729 3926 1745 3973 a

603 4032 635 4067 oe
652 4032 707 4083 que
724 4031 797 4067 nous
808 4031 910 4067 savons
925 4016 960 4066 de
972 4015 999 4066 la
1010 4015 1145 4081 presence
1157 4015 1192 4066 de
1205 4013 1340 4065 lambert
1357 4012 1384 4064 le
1395 4013 1486 4064 Jeune
1497 4012 1566 4062 dans
1578 4026 1610 4062 ce
1621 4009 1744 4077 prieure,

605 4118 670 4171 voy.
684 4112 767 4155 notre
779 4101 964 4153 Introduction
977 4111 1005 4153 et
1017 4112 1100 4154 notre
1113 4088 1202 4152 Etudc
1213 4104 1336 4169 critique,
1351 4117 1379 4167 p.
1393 4115 1434 4162 40.

637 4197 648 4236 ³
668 4209 681 4238 c
702 4189 865 4240 caviniacus
881 4190 949 4240 etait
967 4204 1004 4240 un
1023 4189 1155 4240 domaine
1174 4186 1249 4240 fiscal
1268 4191 1325 4238 tres
1340 4186 1444 4238 etendu
1461 4192 1644 4250 comprenant
1659 4187 1675 4234 a
1690 4198 1745 4248 peu

546 4290 580 4340 30
606 4280 670 4343 pres
681 4276 709 4327 le
719 4276 862 4327 territoire
871 4276 919 4327 des
931 4276 1001 4326 trois
1012 4290 1178 4327 communes
1190 4273 1325 4325 actuelles
1337 4272 1372 4323 de
1383 4269 1745 4337 Salute-MarieChevigny,

606 4361 969 4430 Saint-Pierre·Chevigny
993 4371 1022 4413 et
1046 4361 1179 4428 Recogne
1206 4358 1433 4425 (Luxembourg,
1459 4354 1676 4421 Neulchitteau).
1707 4353 1746 4405 La

605 4449 760 4518 contiguite
779 4449 813 4500 de
831 4465 862 4500 ce
878 4449 1009 4500 domaine
1025 4464 1079 4499 aux
1098 4456 1188 4499 terres
1205 4448 1241 4498 de
1259 4444 1464 4496 &int-Hubert
1483 4442 1577 4494 devait
1593 4457 1629 4492 en
1645 4441 1747 4492 rendre

606 4536 793 4602 l'acquisition
811 4534 866 4586 iort
884 4534 1023 4586 desirable
1041 4537 1056 4584 it
1074 4533 1238 4600 l'abbaye.»
1258 4531 1335 4583 Note
1351 4530 1387 4581 de
1403 4530 1438 4583 G.
1454 4529 1573 4588 Kurra,
1592 4544 1665 4578 cunr.
1684 4528 1745 4589 citt,

608 4632 629 4675 ι.
643 4623 665 4684 ι,
678 4638 706 4689 p·
722 4635 762 4688 ³7-

550 4721 582 4772 35
642 4717 655 4753 4
672 4708 803 4760 Richilde
814 4708 885 4759 n’est
897 4724 955 4775 pas,
966 4722 1077 4759 comme
1090 4723 1127 4759 on
1140 4707 1175 4758 l'a
1186 4722 1236 4758 cru
1249 4706 1419 4774 longtemps,
1430 4704 1457 4755 13
1469 4702 1527 4755 fille
1535 4703 1570 4754 de
1579 4701 1745 4771 RegnierV‚

611 4804 702 4848 comte
718 4796 755 4847 de
774 4795 907 4858 Hainaut,
927 4802 956 4847 et
975 4809 1027 4847 son
1044 4794 1187 4846 hiritiere.
1209 4793 1274 4845 Elle
1291 4793 1406 4861 dpousa,
1427 4809 1463 4843 en
1482 4791 1635 4858 premieres
1653 4804 1746 4850 noces,

614 4881 769 4945 Hermann,
786 4880 830 4933 fils
845 4882 880 4933 de
897 4881 1021 4950 Regnier
1034 4882 1058 4930 V
1064 4897 1071 4941 ;
1088 4884 1170 4947 apres
1184 4880 1212 4931 la
1228 4888 1303 4931 mort
1319 4879 1354 4932 de
1370 4893 1422 4931 son
1435 4878 1514 4941 mari,
1527 4892 1592 4929 vers
1606 4890 1678 4941 1051,
1694 4875 1750 4927 elle
