4450 6125
862 846 1018 927 Sancti
1049 843 1259 924 liuberti
1580 852 1634 963 39

493 1141 652 1205 linaium
669 1142 679 1169 ¹
693 1152 727 1206 et
742 1136 932 1206 Car'netum
947 1145 958 1169 ²
972 1155 1007 1205 et
1021 1153 1182 1224 quartam
1198 1150 1334 1222 partem
1350 1144 1463 1223 pontis
1478 1164 1545 1225 que
1559 1156 1633 1212 erat

490 1259 611 1304 eorum
635 1243 728 1322 apud
760 1243 939 1305 Gabelium
956 1234 993 1318 ³3
1018 1243 1221 1322 Arnulphus
1246 1259 1338 1315 vero,
1367 1252 1481 1322 preter
1509 1246 1631 1309 cellam

490 1342 678 1417 pirensem,
694 1362 812 1425 quam,
831 1353 869 1406 ut
887 1345 1096 1417 dictumest,
1115 1343 1213 1404 beato
1229 1342 1383 1404 Huberto
1401 1343 1588 1408 donaverat
1605 1348 1629 1422 ⁴,

488 1443 620 1506 remisit
634 1433 646 1472 ⁵
660 1444 697 1506 in
712 1455 918 1525 perpetuum
941 1445 1077 1508 ecclesie
1097 1444 1289 1507 exactiones
1310 1447 1481 1526 quasdam
1502 1449 1546 1509 ab
1565 1448 1630 1509 ini·
1708 1500 1711 1505 ,

445 1571 459 1620 5
488 1542 565 1624 quis
585 1543 752 1606 ministris
770 1554 1026 1607 antecessorum
1048 1562 1191 1607 suorum
1211 1545 1303 1622 apud
1321 1544 1503 1607 Gabelium
1527 1548 1630 1610 rebus

487 1641 612 1706 nostris
642 1643 823 1725 impositas
856 1645 1093 1708 fraudulenter
1131 1653 1164 1706 et
1206 1644 1345 1719 iniuste,
1378 1645 1506 1707 scilicet
1545 1665 1630 1728 qua-

485 1745 645 1826 draginta
670 1746 803 1809 modios
824 1764 929 1810 avene
952 1762 1111 1808 mensure
1134 1751 1248 1807 nostre
1270 1754 1304 1807 et
1327 1763 1433 1807 unam
1456 1754 1629 1808 carratam

484 1843 567 1920 feni,
598 1845 742 1908 alteram
777 1864 858 1909 vero
894 1847 1081 1917 straminis,
1120 1863 1187 1926 que
1218 1846 1445 1927 exigebantur
1475 1847 1517 1908 ad
1552 1865 1630 1927 pas·

485 1947 632 2008 cendum
657 1965 788 2028 equum
812 1947 959 2024 comitis,
986 1946 1248 2029 quatuordecim
1274 1947 1377 2009 etiam
1407 1949 1531 2029 garbas
1555 1948 1628 2010 cul-

429 2075 457 2110 10
485 2054 563 2109 ture
593 2048 852 2122 indominicate,
883 2057 1015 2129 septem
1044 2048 1152 2129 spelte
1184 2056 1218 2109 et
1249 2056 1382 2127 septem
1414 2066 1531 2123 avene,
1561 2067 1628 2130 que

483 2149 656 2211 dabantur
671 2150 818 2211 scabinis
832 2159 866 2212 et
882 2150 1005 2222 villico,
1023 2151 1228 2229 deputatum
1250 2167 1360 2211 unum
1381 2150 1539 2212 modium
1557 2148 1627 2212 fru-

482 2251 601 2312 menti.
637 2250 832 2313 Pontenarii
865 2268 1002 2332 quoque
1030 2268 1110 2312 cum
1143 2251 1180 2312 in
1211 2252 1467 2330 transponenda
1495 2251 1627 2315 decima

480 2347 730 2427 injuriarentur
755 2351 931 2412 ministros
957 2351 1106 2424 ecclesie,
1130 2351 1289 2412 meliores
1314 2351 1438 2433 garbas
1459 2352 1627 2415 violenter

481 2451 653 2529 rapientes
673 2451 749 2524 sibi,
772 2461 894 2533 agente
918 2451 1129 2513 Theoderico
1152 2451 1336 2529 preposito,
1360 2450 1514 2512 incuria
1537 2452 1626 2514 beati

423 2579 451 2628 15
482 2551 627 2613 liuberti
648 2553 826 2614 mandavit
846 2570 903 2614 eos
924 2552 1041 2614 venire
1059 2552 1263 2632 Arnulphus
1280 2569 1403 2627 comes,
1421 2570 1462 2614 ex
1477 2552 1624 2633 optima·

481 2652 573 2714 tibus
584 2653 655 2714 suis
669 2653 865 2733 Requinum
877 2662 910 2716 et
922 2652 1119 2735 Algoldum,
1134 2653 1385 2714 Theodericum
1397 2661 1431 2715 et
1442 2654 1623 2717 Albertum

478 2770 594 2814 secum
610 2752 654 2813 ibi
672 2755 801 2815 habens
816 2764 861 2828 et,
877 2755 1007 2816 indicta
1020 2753 1158 2815 bannali
1176 2754 1372 2816 evocatione
1387 2753 1497 2816 tocius
1513 2754 1622 2817 Gabe-

477 2853 591 2916 liensis
617 2854 805 2933 potestatis,
829 2854 1001 2933 adjuravit
1026 2855 1237 2935 antiquiores
1261 2863 1294 2915 et
1320 2854 1489 2930 meliores,
1516 2856 1621 2918 inter-

475 2955 585 3035 posito
600 2967 812 3020 sacramento
827 2954 912 3019 lacte
927 2956 990 3017 sibi
1007 2954 1191 3028 fidelitatis,
1211 2965 1248 3018 ut
1263 2955 1434 3017 edicerent
1450 2956 1479 3017 ei
1498 2956 1621 3019 verita·

411 3087 447 3125 ιο
475 3066 546 3119 tem
555 3056 661 3137 hujus
670 3057 937 3121 consuetudinis.
951 3056 1000 3119 llli
1011 3055 1114 3120 locuti
1126 3056 1357 3120 cumconsilio
1370 3056 1620 3137 responderunt

472 3158 591 3221 comiti
615 3176 677 3239 per
703 3158 911 3222 Rodericum
938 3159 1151 3239 prepositum
1177 3168 1211 3221 et
1236 3158 1424 3221 Gobertum
1451 3159 1617 3235 villicum,

469 3260 560 3323 sicut
584 3271 682 3323 erant
707 3261 868 3341 adjurati,
894 3261 1086 3322 exactiones
1112 3260 1195 3322 istas
1221 3262 1264 3321 ab
1289 3259 1418 3341 iniquis
1451 3260 1617 3324 ministris

469 3361 692 3424 dominorum
708 3380 779 3423 esse
793 3362 951 3423 inventas
972 3367 1006 3421 et
1027 3359 1154 3439 injuste
1175 3371 1209 3421 et
1225 3359 1461 3423 fraudulenter
1477 3362 1616 3424 ecclesie

467 3461 647 3540 impositas
661 3472 695 3525 et
709 3462 785 3523 ideo
799 3461 925 3542 judicio
940 3479 1073 3536 eorum,
1092 3462 1119 3523 si
1131 3459 1263 3540 justitia
1279 3469 1484 3537 servaretur,
1500 3464 1614 3524 omni-

405 3590 439 3640 ²5
469 3563 573 3625 modo
597 3563 868 3625 adnichilandas.
894 3561 953 3623 His
974 3580 1087 3624 comes
1109 3561 1247 3636 auditis,
1273 3561 1462 3642 ingonema
1487 3565 1613 3643 magis·

467 3670 564 3725 trum
595 3663 776 3725 scabinum
807 3666 932 3745 garbas
963 3672 1119 3742 acceptas
1153 3681 1194 3723 ex
1227 3664 1363 3725 cultura
1400 3663 1608 3736 dominicali,

465 3763 663 3827 videntibus
677 3763 819 3840 cunctis,
833 3763 974 3844 proprio
989 3752 1098 3825 collo⁶
1113 3762 1190 3824 fecit
1204 3761 1327 3825 referre
1343 3772 1376 3825 et
1391 3780 1555 3843 reponere
1573 3764 1611 3825 in

497 3988 525 4022 α.
544 3970 628 4021 Ainsi
641 3970 677 4022 les
690 3973 870 4026 manuscrits,-
882 3971 1020 4038 Vigonem
1039 3969 1076 4020 M
1078 3969 1144 4021 GH.

497 4307 507 4335 ¹
527 4297 626 4367 Linay,
639 4298 835 4366 departement
846 4299 896 4351 des
909 4298 1066 4361 Ardennes,
1081 4297 1320 4348 arrondissement
1332 4296 1368 4348 de
1380 4294 1480 4347 Sedan.

397 4402 432 4451 30
497 4394 508 4421 ²
527 4375 675 4450 Chamois,
687 4385 884 4452 departement
895 4386 944 4437 des
957 4384 1115 4446 Ardennes,
1128 4383 1367 4435 arrondissement
1380 4382 1415 4433 de
1427 4380 1542 4433 Rocroi.

494 4481 506 4521 ³
525 4472 620 4535 Givet,
631 4473 699 4525 ville
710 4474 749 4525 du
760 4473 956 4540 departement
967 4473 1016 4524 des
1028 4472 1186 4531 Ardennes,
1196 4469 1435 4521 arrondissement
1443 4468 1479 4519 de
1488 4466 1602 4520 Rocroi.

491 4568 505 4605 ⁴
522 4559 675 4622 Cidessus,
686 4576 710 4612 c.
726 4572 766 4623 15.

492 4654 504 4694 ⁵
523 4646 579 4700 Sur
597 4646 625 4699 le
649 4663 686 4700 ou
706 4648 748 4699 lcs
768 4656 844 4699 actes
866 4645 1086 4713 diplomatiques
1112 4642 1253 4696 d'Arnoul
1274 4642 1301 4693 11
1323 4640 1442 4708 exposes
1463 4641 1508 4702 ici,
1535 4655 1601 4707 voy.

456 4734 494 4787 G.
511 4733 631 4796 Kunm,
644 4750 720 4785 uuor.
732 4736 790 4790 citi,
806 4741 827 4785 t.
842 4733 864 4795 1,
877 4749 924 4799 pp.
940 4746 970 4796 3²
980 4742 1008 4783 et
1021 4733 1093 4783 suiv.

394 4837 426 4888 35
491 4821 505 4858 ⁶
522 4820 597 4889 Voy.
609 4819 731 4873 d'autres
747 4836 792 4872 cas
808 4820 843 4872 de
859 4827 1005 4871 sentences
1022 4817 1201 4880 semblables,
1214 4817 1326 4869 d'ordre
1343 4815 1452 4868 afflictis
1464 4826 1493 4867 et
1508 4831 1601 4867 exem-

455 4909 559 4978 plaire,
572 4908 642 4959 dans
653 4917 736 4960 notre
750 4906 910 4974 chronique,
924 4906 1087 4968 cidessous,
1101 4921 1130 4972 p.
1143 4920 1172 4969 41
1188 4911 1217 4956 et
1229 4920 1254 4957 c.
1268 4917 1309 4956 22.
1447 4890 1449 4893 ’
