4450 6125
818 876 973 961 Sancti
1003 877 1215 961 Huberli.
1531 905 1580 987 9¹

445 1168 577 1250 justitia
596 1182 631 1235 et
651 1190 730 1254 pax,
749 1192 817 1257 que
837 1176 930 1238 ultra
950 1175 1154 1238 memoriam
1175 1193 1296 1238 eorum
1317 1173 1494 1257 quierant
1513 1176 1587 1252 eius
1638 1186 1709 1251 1076.

445 1271 611 1353 temporis
626 1272 836 1353 profecerant
851 1278 916 1338 sub
931 1295 980 1351 eo,
994 1276 1029 1339 in
1043 1277 1149 1348 brevi,
1162 1278 1236 1357 ejus
1248 1275 1381 1339 delectu
1397 1277 1584 1351 eveniente,

443 1373 629 1439 deficerent
650 1394 731 1438 cum
753 1394 804 1439 eo.
830 1378 938 1457 Cujus
958 1396 1095 1459 corpus,
1111 1378 1200 1441 sicut
1218 1377 1337 1441 vivens
1358 1377 1583 1458 disposuerat,

444 1477 641 1542 virdunum
662 1480 705 1541 ad
729 1481 944 1561 sepulturam
966 1478 1245 1543 transferendum
1261 1480 1282 1554 ¹,
1303 1480 1389 1542 dum
1413 1481 1583 1560 perlatum

399 1600 414 1651 ς
443 1588 533 1640 esset
555 1578 733 1653 leodium,
759 1580 925 1645 Heoricus
946 1580 1125 1661 episcopus
1145 1589 1242 1643 tanto
1263 1578 1373 1642 amico
1398 1579 1584 1642 destitutus

442 1678 480 1740 in
498 1698 626 1760 pompa
646 1682 788 1744 maximi
810 1681 937 1745 doloris
957 1683 1118 1764 processit
1140 1683 1169 1744 ei
1191 1701 1272 1745 cum
1295 1683 1385 1745 clero
1399 1693 1432 1745 et
1455 1684 1584 1764 populo

441 1780 546 1843 totius
567 1781 725 1855 civitatis,
743 1802 872 1865 perque
887 1783 1039 1862 singulas
1054 1785 1337 1865 congregationes
1358 1801 1497 1863 presens
1511 1783 1582 1863 ipse

440 1880 654 1946 circumferri
674 1884 784 1962 iussit,
800 1895 1008 1967 exceptoque
1028 1885 1265 1966 sollempniter
1280 1884 1401 1947 missas
1417 1883 1580 1947 celebrari

439 1983 600 2046 instituit.

377 2238 410 2276 ro
479 2215 538 2275 82.
563 2215 643 2295 (44.)
666 2213 794 2276 Deinde
815 2226 1018 2296 prosecutus
1042 2234 1124 2278 eum
1147 2233 1256 2298 usque
1274 2213 1460 2277 vilantiam
1473 2215 1495 2287 ¹,
1521 2231 1580 2293 pre

439 2312 547 2376 nimio
561 2314 678 2377 dolore
691 2313 901 2389 infirmatus,
918 2318 1076 2399 progredi
1094 2318 1183 2381 ultra
1200 2336 1267 2379 non
1284 2317 1409 2397 potuit,
1426 2325 1458 2378 et
1474 2316 1582 2378 Theo-

437 2415 553 2477 derico
566 2428 581 2454 ⁴
595 2416 710 2478 abbati
726 2418 768 2478 ad
789 2434 914 2498 corpus
932 2419 1173 2482 deducendum
1189 2418 1280 2480 vices
1296 2436 1377 2479 suas
1394 2417 1577 2479 commisit.

439 2517 512 2598 lpse
526 2517 661 2580 delatus
675 2519 716 2580 ad
734 2518 911 2581 ecclesiam
927 2518 1014 2581 beati
1033 2519 1188 2591 Huberti‚
1206 2520 1314 2581 donec
1330 2517 1579 2580 convalesceret

436 2618 566 2681 ibidem
588 2618 663 2682 fuit.
682 2620 761 2683 Fuit
783 2632 937 2683 autema
956 2622 1106 2683 secunda
1128 2620 1299 2683 dominica
1317 2620 1578 2703 quadragesime

375 2745 405 2797 ις
439 2739 546 2803 usque
568 2732 646 2801 post
666 2733 802 2784 octavas
824 2721 870 2783 ibi
895 2721 1086 2785 celebratel
1105 2724 1226 2803 pasche
1237 2714 1259 2783 ³.
1281 2723 1368 2784 Nam
1390 2721 1578 2784 delectatus
1607 2746 1725 2788 omars-

434 2823 593 2905 religiosa
617 2822 764 2886 fratrum
790 2824 1046 2886 conversatione
1073 2834 1251 2887 eteorum
1277 2826 1417 2904 probata
1440 2840 1520 2904 erga
1542 2839 1577 2884 se
1610 2804 1717 2865 ΗΜ·

433 2925 565 2987 sincera
587 2924 780 2995 dilectione.
805 2924 900 2986 nulla
922 2944 1078 3003 suorum,
1100 2928 1151 2987 vel
1174 2925 1390 3000 clericorum,
1407 2924 1458 2985 vel
1481 2924 1576 3003 prin·

432 3025 549 3107 cipum
567 3024 678 3107 potuit
700 3026 809 3088 evinci
831 3026 1060 3108 suggestione.
1077 3027 1161 3108 quin
1181 3036 1258 3088 ante
1277 3024 1471 3106 paschalem
1491 3022 1575 3085 cele·

434 3127 627 3190 brationem
656 3127 757 3190 vellet
789 3128 903 3189 locum
936 3140 1083 3190 mutare.
1117 3129 1316 3189 Morabatur
1347 3138 1429 3189 tunc
1461 3124 1575 3204 junior

372 3249 403 3287 ro
433 3227 637 3292 Godelridus
659 3229 834 3290 marchio⁴
855 3246 933 3290 curn
956 3228 1026 3301 illo,
1043 3229 1116 3309 qui,
1131 3228 1293 3290 avunculi
1315 3226 1367 3288 sui
1388 3227 1574 3288 destitutus

461 3466 487 3499 a.
508 3449 651 3501 teoderico
663 3450 700 3501 A.
716 3478 745 3487 -—
764 3448 787 3500 l.
805 3450 938 3502 celebrati
951 3451 986 3500 A.

462 3821 469 3850 ¹
489 3813 589 3865 C'etait
608 3812 635 3864 le
653 3813 708 3863 lieu
727 3812 762 3863 de
780 3813 926 3880 sepulture
944 3815 978 3866 de
996 3831 1045 3865 son
1065 3819 1141 3881 pere,
1161 3813 1316 3865 (iude-froid
1333 3813 1359 3865 le
1377 3813 1483 3872 Burbu:
1504 3830 1568 3881 roy.

425 3901 572 3961 cidessus‚
589 3916 635 3966 pp.
650 3900 680 3950 62
693 3908 721 3950 et
734 3900 805 3951 suiv.

461 3995 471 4022 ¹
489 3986 616 4037 Villance
629 3986 855 4054 (Luxembourg,
870 3986 1072 4045 Neuscltdteau,
1087 3986 1316 4052 Sainl-llubert).

376 4077 392 4130 5
460 4081 471 4118 ³
489 4072 688 4124 Ledcuxieme
699 4075 847 4126 dimanche
857 4074 1020 4131 decareme,
1031 4092 1066 4126 en
1080 4077 1153 4139 1076,
1167 4075 1192 4125 le
1203 4090 1230 4125 ar
1245 4075 1347 4126 levrier
1360 4076 1435 4140 1076:
1450 4075 1568 4127 l'ocrave

423 4161 460 4212 de
473 4158 590 4228 Piques,
604 4177 638 4212 en
656 4163 727 4226 1076,
743 4162 768 4212 le
783 4177 795 4225 3
808 4161 888 4212 avril.
910 4160 981 4212 llais
999 4161 1018 4211 il
1037 4172 1078 4213 est
1096 4164 1201 4213 certain
1220 4178 1284 4227 que,
1305 4178 1377 4227 pour
1390 4162 1415 4212 la
1428 4167 1566 4228 premiere

420 4249 457 4299 de
467 4263 513 4299 ces
521 4248 609 4308 dales,
620 4248 646 4299 le
655 4252 847 4317 chroniqueur
857 4278 888 4286 -
897 4266 934 4301 ou
944 4265 994 4300 sou
1006 4252 1112 4315 copiste
1139 4279 1153 4287 -
1164 4248 1211 4299 lait
1221 4264 1331 4303 errcur:
1344 4265 1409 4315 roy.
1420 4249 1564 4307 cidessus.

422 4351 451 4402 p.
468 4349 510 4398 90,
527 4350 555 4385 n.
574 4334 598 4386 6.
617 4334 651 4386 Je
671 4337 728 4386 suis
748 4338 828 4402 porte
847 4340 861 4386 a
880 4338 971 4387 croire
988 4352 1043 4404 que
1059 4336 1085 4386 le
1102 4337 1209 4401 copiste
1226 4352 1241 4386 a
1258 4336 1286 4385 lu
1307 4351 1314 4384 t
1332 4353 1348 4383 u
1365 4334 1413 4385 lla
1431 4337 1564 4386 dominica

421 4421 630 4488 quadragesime,
651 4436 684 4471 au
704 4421 759 4472 lieu
776 4422 811 4471 de
831 4439 836 4472 :
854 4439 870 4470 a
888 4420 905 4471 I
912 4420 945 4468 l'c¹
963 4422 1096 4470 dominica
1113 4420 1329 4487 quadragesime,-
1345 4428 1419 4470 celte
1435 4420 1565 4471 dernierc

372 4509 392 4546 0
421 4507 486 4557 date
499 4521 570 4557 nous
582 4506 676 4557 donne
688 4506 714 4556 le
728 4507 742 4556 6
757 4522 840 4563 mars,
853 4523 883 4557 ce
896 4509 943 4573 qui
957 4506 1151 4558 conviendrait
1163 4517 1338 4557 exartement
1352 4521 1387 4556 au
1401 4521 1513 4574 passage
1526 4507 1562 4558 du

420 4596 535 4659 cortege
553 4591 671 4643 funebre
690 4596 754 4659 pres
770 4593 805 4643 dc
823 4592 1037 4644 Satur-Hubert.
1057 4591 1115 4644 Cir.
1136 4608 1201 4643 mon
1217 4577 1303 4642 Elude
1314 4595 1436 4660 critique,
1452 4609 1500 4660 pp.
1517 4608 1542 4644 ιι
1549 4606 1561 4657 5

418 4690 446 4731 et
460 4680 532 4729 suiv.
549 4677 623 4729 Dans
637 4678 662 4729 le
677 4682 769 4729 mdme
781 4695 854 4736 sens,
869 4678 904 4730 (Ξ.
921 4679 1039 4740 Kunrrl,
1053 4682 1188 4733 outrcill.
1206 4691 1225 4730 t.
1241 4678 1262 4736 l,
1277 4695 1303 4744 p.
1319 4696 1360 4739 44.

450 4764 636 4818 ⁴Godcir0id
655 4767 691 4817 l'l
714 4769 748 4818 de
775 4767 916 4827 llouillom
940 4766 983 4817 fils
1003 4767 1173 4817 d'Euslache
1193 4767 1228 4817 de
1250 4766 1396 4835 Boulognr
1419 4779 1446 4817 et
1468 4767 1559 4831 d’lde;

417 4869 509 4905 neveu
535 4869 584 4920 par
607 4869 635 4904 sa
660 4859 735 4906 mere
758 4856 793 4906 de
817 4853 972 4905 Godelroid
992 4854 1018 4904 le
1041 4853 1129 4905 Bossu
1154 4865 1180 4904 et
1206 4869 1256 4904 son
1281 4854 1410 4908 bernier:
1437 4870 1560 4920 marqurs

372 4943 385 4994 5
416 4941 567 4993 d'Anvers.
