4450 6125
657 851 712 935 74
872 829 1184 911 cantatorium
1213 831 1305 907 sive
1341 826 1591 908 Chronieon

536 1137 608 1189 ¹074·
653 1126 875 1188 Laurentium
886 1154 899 1181 i
910 1129 931 1199 ¹,
947 1127 1004 1188 ubi
1017 1145 1096 1188 cum
1107 1125 1270 1187 sandaliis
1281 1124 1462 1186 dominicis
1475 1124 1668 1186 retinentur
1679 1125 1789 1204 capita

651 1228 885 1306 apostolorum
911 1229 1001 1290 Petri
1023 1239 1056 1289 et
1081 1228 1189 1300 Pauli,
1208 1228 1338 1307 pariter
1359 1227 1421 1287 soli
1444 1225 1660 1289 considentes
1681 1228 1789 1290 amica

651 1327 884 1390 vicissitudine
899 1328 1025 1390 divinis
1039 1328 1184 1410 eloquiis
1198 1328 1428 1400 intenderent,
1448 1346 1488 1389 eo
1503 1345 1564 1408 usq
1571 1345 1612 1389 ue
1628 1337 1679 1401 ut,
1694 1340 1790 1391 nocte

651 1430 923 1506 superveniente,
942 1442 1101 1491 armatus
1124 1429 1219 1490 urbis
1242 1428 1440 1507 prefectus²,
1463 1447 1551 1509 papa
1573 1428 1726 1507 jubente,
1749 1431 1791 1492 ad

650 1530 844 1609 hospicium
859 1549 963 1593 suum
975 1532 1135 1592 abbatem
1150 1549 1231 1591 cum
1245 1531 1316 1592 suis
1332 1533 1521 1592 reduceret.
1538 1531 1635 1593 Unde
1651 1541 1685 1592 et
1700 1530 1791 1594 inter
1818 1608 1820 1613 Ι
1835 1549 1846 1602 5

504 1647 536 1698 ²9
547 1635 629 1690 avril,
650 1642 843 1712 ceteraque
863 1632 905 1692 ab
923 1651 963 1693 eo
981 1631 1092 1712 gratia
1112 1629 1381 1694 familiaritatis¹²
1395 1631 1546 1710 expetiit,
1565 1631 1789 1711 privilegium
1823 1620 1827 1625 ’

648 1731 751 1792 etiam
783 1733 968 1811 apostolice
1000 1732 1206 1794 detensionis
1238 1732 1375 1794 ecclesie
1407 1750 1467 1794 sue
1499 1732 1750 1794 auctorizatum
1778 1735 1792 1775 ⁵

646 1833 808 1912 optinuit,
828 1844 863 1895 ut
879 1836 1014 1896 ecclesie
1032 1836 1185 1897 Romane
1202 1833 1338 1896 firmata
1359 1844 1392 1896 et
1412 1832 1582 1896 defensata
1605 1832 1737 1895 auxilio
1756 1842 1792 1895 et

646 1935 861 2006 auctoritate,
883 1935 1026 1997 immota
1049 1935 1231 1996 stabilitate
1256 1935 1454 1997 monachico
1476 1935 1589 1996 ordini
1613 1935 1790 2015 imperpe-

646 2041 750 2096 tuum
766 2036 972 2113 persisteret,
989 2046 1022 2097 et
1039 2037 1073 2096 ei
1089 2038 1159 2109 iam
1174 2037 1301 2098 donata
1322 2046 1356 2096 et
1378 2036 1502 2097 amodo
1515 2034 1686 2108 donanda,
1704 2053 1790 2097 ana·
1825 2062 1856 2100 ιο

647 2135 798 2195 themate
813 2145 930 2196 eterno
946 2136 1146 2214 interposito
1159 2148 1181 2209 ⁶,
1199 2134 1346 2197 firmiter
1361 2146 1566 2197 constarent.
1583 2134 1652 2196 Hoc
1666 2134 1761 2196 idem
1774 2135 1794 2174 ²

646 2234 866 2316 privilegium
894 2255 979 2315 papa
1005 2255 1024 2297 a
1048 2256 1084 2300 se
1108 2238 1278 2300 dictatum
1302 2247 1336 2298 et
1360 2237 1395 2298 in
1421 2236 1556 2316 publico
1581 2235 1790 2298 consistorio

646 2334 883 2398 Lateranensis
901 2337 1029 2416 palatii,
1047 2339 1138 2419 quod
1161 2340 1287 2399 dicitur
1307 2363 1319 2390 a
1341 2340 1384 2398 ad
1401 2327 1593 2416 speculum³
1611 2361 1643 2407 ι,
1666 2354 1789 2399 coram

644 2436 804 2516 pluribus
825 2439 993 2517 episcopis
1015 2447 1049 2500 et
1069 2439 1299 2500 cardinalibus
1316 2438 1451 2500 ecclesie
1465 2439 1616 2500 Romane
1633 2439 1792 2519 recogni-

643 2544 721 2598 tum
742 2545 777 2598 et
797 2537 973 2602 relectum.
998 2538 1202 2616 subscripsit
1229 2557 1333 2598 manu
1360 2537 1526 2616 propria:
1553 2536 1789 2600 Miserutiones
1826 2566 1855 2619 ις

644 2640 708 2706 tue,
730 2636 878 2707 Domine,
899 2639 1130 2714 superomnia
1149 2656 1247 2715 opera
1268 2642 1325 2698 tua
1338 2639 1361 2700 ⁴.
1388 2638 1477 2699 Cum
1493 2655 1575 2698 vero
1589 2656 1608 2698 a
1624 2638 1789 2701 condicta

644 2734 827 2798 Godelrido
853 2737 1075 2815 promissione
1100 2739 1205 2798 abbas
1233 2756 1268 2800 se
1296 2739 1544 2800 absolvendum
1572 2749 1786 2818 exposceret,

643 2839 724 2918 quia
746 2840 780 2899 in
803 2857 841 2900 ea
863 2841 1031 2919 explenda
1047 2838 1107 2900 lilii
1129 2838 1392 2913 eius'auxilium
1406 2839 1470 2900 sibi
1487 2840 1629 2907 deesset,
1646 2850 1789 2918 aposto-

676 3044 701 3079 u.
716 3025 885 3078 lainiliatatis
898 3028 933 3079 Α.
949 3056 979 3066 -
992 3027 1014 3078 d.
1028 3029 1214 3080 autoritatum
1228 3029 1264 3078 A.
1281 3057 1311 3065 -
1323 3045 1344 3077 cv
1363 3028 1440 3079 Dans
1452 3028 1489 3083 Α,
1504 3029 1683 3079 anathemate
1696 3028 1788 3080 inter·

642 3116 736 3180 posito
754 3124 853 3166 eterno
871 3132 940 3166 cerr.
954 3133 984 3164 en
998 3130 1022 3166 a.
1036 3131 1060 3166 e.
1076 3117 1093 3166 i.
1108 3145 1140 3152 -
1153 3117 1177 3165 d.
1192 3115 1284 3165 idtlem
1299 3116 1335 3165 Α,
1819 3123 1855 3161 20

646 3285 817 3294 -—--—-
824 3287 935 3296 -—

677 3408 683 3433 ¹
705 3399 743 3449 La
759 3400 886 3465 chapelle
897 3401 932 3451 de
945 3400 1161 3452 Saint·Laurent
1178 3400 1266 3451 iaisait
1279 3401 1349 3467 jadis
1361 3401 1450 3467 partie
1462 3400 1499 3450 du
1513 3399 1599 3466 palais
1611 3400 1649 3450 du
1663 3398 1787 3468 [atrang

640 3486 695 3537 elle
713 3502 818 3552 occupc
836 3490 851 3537 a
870 3488 982 3553 present
1001 3488 1100 3553 l’e'tage
1119 3488 1154 3538 de
1174 3488 1199 3538 la
1218 3489 1306 3553 petite
1324 3488 1517 3539 construction
1536 3490 1573 3537 ob
1590 3502 1620 3537 se
1636 3494 1742 3539 trouve
1758 3489 1787 3541 la

640 3572 719 3623 Scala
733 3573 817 3623 Senta
830 3584 857 3625 ct
870 3584 911 3624 est
923 3590 1034 3626 connue
1046 3590 1112 3625 sous
1125 3574 1151 3624 le
1164 3590 1230 3624 nom
1242 3575 1277 3625 de
1291 3573 1390 3623 Sancta
1403 3573 1573 3623 Sanctorum.
1591 3576 1636 3624 On
1651 3590 1688 3625 en
1702 3591 1788 3629 verra

640 3660 666 3711 la
685 3661 858 3726 description
879 3661 1010 3712 detaillee
1029 3662 1098 3712 dans
1122 3661 1156 3712 G.
1181 3660 1326 3712 Rufinum·
1348 3674 1385 3711 us
1409 3660 1538 3721 Fueunr,
1560 3660 1598 3711 Le
1618 3659 1724 3711 Latrat:
1745 3680 1785 3714 au

640 3764 730 3813 nterea
751 3751 806 3811 «ige,
832 3748 918 3808 Paris,
944 3749 1045 3809 lllorel,
1074 3751 1146 3814 1877,
1173 3765 1219 3815 pp.
1246 3750 1295 3811 380
1317 3758 1345 3799 et
1368 3750 1440 3799 suiv.
1466 3748 1537 3814 Voy.
1562 3757 1675 3799 surtout
1696 3751 1786 3817 pilas
1818 3769 1852 3822 ²5

634 3833 830 3899 justijicntiirs,
851 3836 866 3901 ξ
884 3837 914 3897 38
933 3850 938 3884 :
959 3836 1148 3885 Lateranensis
1162 3834 1283 3884 ecclcsiae
1296 3837 1448 3884 sanctuarii
1461 3835 1609 3901 descriptio,
1629 3850 1677 3901 pp.
1691 3836 1744 3896 460
1754 3847 1786 3889 et

640 3922 713 3972 suiv.
730 3921 812 3971 Cette
828 3922 1010 3987 description,
1028 3923 1148 3972 extruite
1164 3922 1230 3972 d'un
1248 3924 1401 3973 manuscrit
1417 3922 1451 3972 de
1470 3921 1546 3971 l‘aris
1562 3922 1599 3972 du
1616 3920 1685 3972 ΧΙΙο
1696 3923 1786 3975 siecle

641 4007 731 4074 (Bibl.
754 4007 818 4059 Nat.
842 4008 893 4059 Lat
927 4011 1015 4073 5129),
1039 4011 1203 4059 mentionne
1223 4010 1292 4060 trois
1312 4011 1423 4060 chdsses
1444 4027 1448 4057 :
1469 4009 1545 4059 l’une
1565 4017 1719 4060 contenent
1740 4010 1784 4062 les

639 4096 766 4147 sandales
782 4097 817 4147 de
834 4095 1086 4163 Notre-Seigneur;
1107 4111 1162 4146 une
1179 4105 1268 4156 autre,
1289 4096 1329 4146 les
1348 4098 1418 4146 tetes
1437 4096 1487 4146 des
1504 4098 1617 4162 apdtres
1638 4093 1736 4147 Pierre
1753 4106 1783 4149 et

640 4179 719 4234 Paul.
737 4181 791 4233 Ces
808 4184 879 4234 tetes
894 4192 957 4234 sont
973 4181 1173 4232 actuelleuient
1190 4182 1257 4232 dans
1274 4181 1300 4231 le
1317 4181 1467 4248 baldaquin
1483 4182 1518 4232 de
1535 4181 1560 4232 la
1572 4180 1733 4234 confession
1746 4182 1783 4236 de
1815 4202 1853 4253 30

640 4268 800 4321 saint-Jean
812 4271 847 4321 de
860 4269 972 4320 latren.

673 4364 682 4389 ²
700 4359 844 4418 Arinates,
860 4357 885 4406 le
899 4357 962 4406 trait
975 4367 1017 4406 est
1030 4357 1205 4422 pittorcsque
1217 4365 1245 4404 et
1257 4371 1293 4405 en
1303 4355 1343 4405 dit
1355 4355 1421 4422 long
1430 4370 1478 4405 sur
1488 4354 1513 4405 la
1522 4353 1644 4405 securite
1653 4354 1704 4406 des
1714 4370 1782 4408 rues

639 4442 674 4492 de
688 4442 777 4492 Rome
790 4447 805 4492 ii
817 4451 890 4493 cette
903 4443 1022 4509 opeque.

672 4536 682 4572 ³
702 4528 844 4580 l'eut-etre
862 4530 887 4580 la
904 4529 1014 4580 celebre
1035 4528 1103 4579 salle
1123 4528 1161 4579 du
1180 4528 1306 4588 Concile,
1320 4528 1389 4578 dont
1406 4528 1446 4579 les
1464 4529 1536 4579 seize
1550 4527 1660 4579 absides
1673 4527 1783 4586 etaient

637 4616 738 4666 ornees
750 4616 784 4665 de
798 4619 963 4682 ninsaiques.
980 4616 1050 4682 Voy.
1063 4632 1098 4666 au
1111 4615 1225 4680 surplus
1239 4614 1393 4672 Rutilum,
1407 4632 1480 4664 auur.
1495 4617 1554 4664 cite.
1816 4631 1850 4684 35

671 4703 755 4753 ⁴(3es
776 4712 849 4751 mols
869 4713 931 4752 sont
952 4704 1068 4752 extraits
1088 4719 1125 4752 ou
1147 4702 1183 4752 du
1206 4702 1297 4751 moins
1316 4702 1436 4766 inspires
1455 4702 1492 4752 du
1514 4715 1629 4766 psaume
1647 4699 1780 4767 cxttv,

639 4807 666 4839 v.
686 4803 701 4853 9
719 4804 724 4837 :
747 4788 844 4837 sewin-
864 4787 997 4838 l)nminus
1015 4790 1164 4842 uniuersis,-
1181 4796 1206 4838 et
1223 4789 1403 4836 miserationes
1421 4788 1478 4846 ejus
1495 4803 1575 4852 super
1591 4787 1683 4837 omniu
1701 4803 1784 4850 opera

639 4880 705 4942 ejus.
