4450 6125
874 863 1029 945 Sancti
1059 865 1272 948 Huberti.
1591 896 1644 981 47

547 1164 603 1224 ts.
616 1163 692 1242 (27.)
709 1161 869 1224 Adeladis
881 1169 901 1237 ¹,
919 1164 1091 1226 comitissa
1110 1166 1285 1228 Areleonis
1297 1168 1320 1239 ²,
1337 1166 1448 1230 fuerat
1465 1168 1533 1231 filia
1550 1173 1647 1234 nobi-

502 1260 624 1325 lissimi
650 1263 748 1324 ducis
774 1263 985 1338 Theoderici,
1013 1282 1110 1326 soror
1133 1283 1215 1328 vero
1238 1266 1402 1349 sigifridi,
1427 1271 1536 1348 patris
1559 1290 1648 1334 mar·

502 1362 610 1424 chisse
644 1362 806 1425 Beatricis
826 1354 847 1425 ³.
878 1365 988 1444 Hujus
1025 1365 1169 1447 quidam
1206 1369 1448 1444 cubicularius,
1479 1387 1498 1431 a
1528 1373 1648 1435 rabido

503 1482 587 1527 cane
601 1477 616 1503 ⁸
634 1481 769 1527 morsus
787 1475 822 1528 et
836 1465 981 1529 insectus
996 1466 1019 1540 ὁ,
1037 1468 1150 1530 solum
1174 1470 1265 1551 quod
1289 1481 1469 1551 supererat
1487 1473 1517 1533 ei
1541 1490 1648 1535 reme·

459 1589 473 1638 5
503 1566 602 1628 diurn
620 1567 753 1642 salutis,
770 1567 812 1628 ad
836 1568 923 1630 beati
941 1569 1085 1631 Huberti
1102 1571 1334 1650 patrocinium
1350 1572 1504 1655 confugit
1518 1575 1541 1635 ⁴.
1564 1575 1646 1652 Eius

501 1666 596 1729 enim
610 1659 622 1694 ⁵
637 1667 730 1747 apud
748 1669 857 1729 Deum
879 1670 1010 1731 meritis
1029 1672 1177 1734 habetur
1194 1673 1229 1732 in
1247 1673 1320 1734 loco
1334 1674 1452 1735 eodem
1470 1674 1645 1756 singulare

501 1769 722 1852 privilegium
743 1782 755 1809 ⁶
780 1772 921 1850 probate
948 1771 1098 1847 virtutis,
1125 1783 1162 1835 ut
1188 1773 1215 1835 si
1242 1773 1331 1855 quis,
1355 1773 1500 1838 infectus
1526 1794 1643 1840 morsu

500 1871 609 1932 rabidi
625 1871 719 1933 canis
733 1880 793 1933 aut
810 1871 882 1951 lupi
898 1871 917 1910 d
928 1879 989 1933 aut
1004 1875 1253 1955 cujuscumque
1268 1875 1380 1936 insani
1397 1876 1526 1954 pecoris
1545 1890 1568 1951 ‘,
1585 1878 1645 1939 illo

500 1971 698 2053 confugiens
713 1972 841 2034 incisus
856 1972 958 2035 tuerit
980 1974 1156 2056 ritumque
1173 1974 1326 2054 ejusdem
1339 1975 1515 2038 incisionis
1528 1995 1643 2040 serva·

439 2094 472 2130 ιο
499 2072 598 2147 verit,
621 2073 694 2134 sine
716 2073 822 2134 dubio
844 2074 963 2136 evadet
986 2075 1182 2154 periculum
1203 2075 1391 2138 certissime
1410 2078 1530 2139 mortis
1545 2070 1567 2139 ⁶.
1586 2079 1639 2154 Et,

500 2180 539 2235 ut
553 2190 615 2252 per
629 2190 806 2236 excessum
821 2191 900 2235 vera
923 2176 1111 2254 probemus
1133 2193 1204 2237 esse
1226 2193 1293 2257 que
1310 2176 1467 2249 dicimus,
1489 2176 1641 2241 vidimus

496 2275 573 2355 ipsi,
598 2275 724 2338 nostris
744 2275 968 2356 temporibus,
993 2277 1079 2339 duos
1099 2276 1239 2353 iuvenes
1259 2277 1301 2338 de
1317 2294 1404 2359 pago
1421 2278 1640 2340 Hasbanico'

531 2499 556 2532 a.
576 2482 656 2533 Dans
673 2482 710 2544 A,
723 2497 807 2534 carne
819 2499 888 2534 corr.
897 2487 952 2550 por
968 2492 1088 2549 exponet.
1106 2501 1138 2533 cn
1156 2499 1233 2534 cane.
1247 2513 1280 2521 -
1295 2483 1318 2535 h.
1331 2483 1411 2535 Dans
1423 2485 1461 2542 A.
1476 2484 1640 2537 interfectus

496 2585 566 2620 corr.
587 2574 641 2637 par
662 2576 781 2636 exponet.
802 2586 834 2619 en
855 2569 984 2621 insectus.
1007 2599 1040 2607 -
1057 2587 1081 2621 c.
1100 2570 1182 2621 Dans
1205 2571 1241 2633 A,
1265 2569 1468 2638 privilegilium
1492 2588 1561 2622 corr.
1586 2577 1640 2640 par

435 2662 466 2712 ¹5
495 2662 614 2722 ceponct.
627 2672 659 2707 en
671 2654 862 2723 privilegium.
876 2686 908 2694 -
926 2657 951 2708 d.
971 2656 1045 2724 lupr.
1059 2657 1095 2708 Λ.
1113 2686 1145 2694 -
1164 2674 1186 2707 e.
1208 2656 1288 2708 Dans
1300 2657 1338 2718 A,
1359 2658 1486 2722 peccoris
1502 2674 1572 2708 corr.
1587 2663 1640 2721 par

493 2751 613 2809 eaponct.
626 2759 658 2793 en
673 2743 793 2809 pecoris.

528 3104 536 3132 ¹
555 3096 701 3158 Adelaide,
715 3095 774 3148 fille
785 3097 821 3149 de
832 3096 955 3164 Thierry
967 3097 1002 3148 de
1014 3096 1078 3157 Bar,
1092 3097 1147 3148 duc
1163 3097 1198 3149 de
1217 3095 1518 3164 Haute-Lotharingie,
1531 3096 1636 3162 epousa

491 3182 634 3245 Waleran,
647 3191 741 3236 comte
753 3183 882 3245 d'Arlon,
896 3183 966 3235 dont
981 3182 1037 3234 elle
1054 3191 1102 3234 eut
1118 3183 1193 3234 deux
1210 3181 1264 3244 fils,
1284 3184 1306 3233 F
1309 3182 1429 3248 oulques
1446 3192 1475 3233 et
1487 3183 1619 3234 Waleran
1627 3199 1635 3243 ,·

492 3285 558 3338 voy.
571 3270 664 3334 Punr,
678 3270 801 3322 Histoire
813 3272 831 3321 d
837 3270 943 3327 'Arlon
960 3280 979 3321 t.
995 3270 1017 3331 l,
1031 3286 1080 3337 pp.
1097 3283 1216 3335 217-225.

429 3362 466 3399 20
526 3366 536 3393 ²
554 3359 656 3422 Arlon,
669 3358 802 3411 chef-lieu
814 3359 849 3409 de
861 3357 887 3409 la
899 3359 1034 3425 province
1047 3357 1082 3409 de
1094 3356 1307 3424 Luxembourg.

525 3452 536 3491 ³
554 3444 595 3497 Le
611 3449 680 3513 pere
695 3445 731 3497 de
744 3444 859 3495 Beatrix
875 3444 910 3495 de
922 3444 1049 3495 Toscane
1064 3444 1134 3495 etait
1147 3442 1287 3503 Frederic,
1301 3442 1356 3494 duc
1372 3442 1407 3494 de
1421 3442 1636 3496 Haute-Lotha-

490 3533 589 3601 ringie,
602 3540 630 3584 et
643 3547 702 3584 non
715 3531 843 3600 Sigefroi,
858 3546 923 3599 voy.
940 3530 1092 3598 chronique
1103 3530 1250 3591 cidessus,
1265 3545 1293 3596 p.
1308 3530 1348 3581 26.

522 3617 728 3686 ⁴Remarquer
749 3617 775 3669 la
799 3617 955 3669 similitude
978 3617 1027 3668 des
1050 3625 1155 3668 termes
1178 3631 1246 3667 avec
1269 3632 1316 3667 ces
1342 3616 1416 3667 deux
1442 3631 1571 3684 passages
1595 3617 1633 3668 du

488 3704 627 3757 Miracula
643 3705 739 3756 Sancti
752 3704 881 3762 Haboni,
900 3704 927 3755 11
944 3704 1029 3772 (Acta
1046 3703 1217 3760 Sanctorum,
1233 3712 1254 3755 t.
1268 3703 1304 3754 1⁶r
1315 3704 1350 3754 de
1362 3703 1527 3764 novembre,
1541 3706 1605 3754 mir.
1619 3718 1633 3754 2

430 3797 459 3846 ²5
488 3801 516 3843 et
528 3796 591 3847 mir.
602 3793 633 3860 6)
643 3808 651 3845 t
662 3794 731 3861 quod
739 3792 826 3844 solum
838 3798 976 3856 supererat
986 3791 1041 3841 illis
1053 3792 1210 3847 remedium,
1224 3790 1292 3840 beati
1302 3789 1422 3841 Huberte'
1432 3790 1635 3842 lacrimabiliter

488 3878 632 3945 implorant
649 3880 835 3946 suffragium
855 3878 902 3929 hoc
921 3878 1008 3929 solum
1029 3878 1198 3927 crediderunt
1217 3893 1349 3943 superesse
1368 3878 1526 3934 renudium,
1550 3886 1581 3928 ut
1599 3879 1635 3928 ad

487 3964 553 4015 beati
567 3964 687 4017 Huberti
700 3965 873 4032 confugerent
887 3966 1080 4033 patrocinium.
1100 3963 1155 4015 Sur
1172 3979 1218 4015 ces
1235 3962 1456 4015 ressemblances
1472 3964 1507 4015 de
1519 3964 1593 4032 style
1605 3972 1633 4015 et

487 4060 588 4115 autres,
602 4065 670 4121 voy.
682 4060 765 4104 notre
777 4037 866 4103 E'tude
878 4053 998 4119 critique,
1015 4067 1063 4118 pp.
1080 4066 1127 4113 104
1139 4060 1167 4102 et
1180 4052 1253 4103 suiv.

520 4144 530 4182 5
547 4138 605 4190 ctr.
619 4137 758 4190 Miracula
771 4138 867 4189 Sancti
877 4138 1004 4193 Huberti,
1021 4138 1058 4201 11,
1073 4155 1101 4204 p.
1115 4140 1162 4202 825
1178 4144 1235 4188 :cst
1246 4138 1317 4187 enim
1331 4138 1358 4185 in
1372 4153 1399 4186 eo
1411 4136 1476 4187 loco.
1487 4177 1509 4187 ..

429 4232 461 4280 30
519 4223 530 4260 ⁶
546 4222 601 4276 Sur
612 4232 688 4277 cette
704 4226 833 4292 pratique
848 4224 883 4276 de
895 4223 921 4275 la
934 4223 1007 4274 taille
1018 4233 1047 4274 et
1059 4223 1085 4274 la
1097 4223 1231 4291 guerison
1243 4222 1279 4273 de
1291 4220 1317 4271 la
1330 4236 1403 4288 rage,
1418 4236 1484 4288 voy.
1498 4222 1524 4272 la
1536 4222 1630 4272 notice

485 4311 520 4363 de
531 4310 683 4373 Rosaunx,
697 4327 745 4379 pp.
762 4312 792 4363 16
804 4320 832 4363 et
845 4312 928 4372 suiv„
947 4320 976 4361 et
991 4311 1071 4372 celle,
1089 4309 1154 4377 plus
1171 4310 1283 4360 recente
1300 4316 1328 4357 et
1345 4305 1410 4372 plus
1426 4306 1576 4372 complete,
1590 4306 1627 4358 du

486 4397 653 4450 bollandiste
665 4397 820 4461 Desunnr,
831 4401 901 4448 Acta
912 4398 1083 4453 Sanctorum,
1097 4405 1118 4447 t.
1130 4396 1209 4447 1⁶¹de
1221 4396 1386 4456 novembre,
1396 4410 1443 4462 pp.
1457 4394 1503 4459 871
1516 4401 1545 4444 et
1554 4394 1627 4444 suiv.

516 4489 528 4532 ⁷
545 4504 558 4533 ‹
571 4484 613 4537 Le
620 4490 709 4554 pagus
720 4486 756 4537 de
769 4485 893 4537 Hesbaie
905 4486 1080 4552 comprenait
1094 4491 1157 4535 tout
1169 4483 1196 4534 le
1208 4483 1318 4549 plateau
1332 4493 1413 4535 entre
1430 4482 1457 4533 la
1470 4480 1544 4548 Dyle
1560 4490 1589 4532 et
1600 4481 1627 4533 la

486 4574 592 4635 Meuse;
606 4572 628 4625 il
639 4572 709 4624 etait
726 4572 816 4625 borne
833 4588 867 4624 au
887 4572 958 4624 nord
971 4587 1021 4638 par
1033 4570 1060 4622 le
1079 4570 1184 4622 Demer
1201 4579 1302 4621 etune
1319 4570 1395 4638 ligne
1407 4570 1456 4637 qui
1475 4569 1626 4620 remontait

426 4667 455 4719 35
483 4673 545 4711 vers
568 4657 731 4727 Maeseyck;
752 4674 788 4710 au
808 4659 954 4710 sud-ouest
977 4672 1021 4708 ses
1045 4657 1151 4707 limites
1171 4656 1358 4707 coincidaient
1380 4671 1448 4707 avec
1472 4654 1558 4707 celles
1577 4655 1626 4706 des

481 4744 624 4813 doyennes
636 4744 672 4797 de
685 4744 795 4797 Hanret
806 4753 835 4796 et
846 4744 882 4796 de
894 4744 1033 4811 Jodoigne
1047 4758 1054 4794 τ
1071 4741 1351 4795 Marche-les-Dames
1361 4753 1390 4794 et
1405 4741 1625 4794 Marchovelette

481 4832 583 4885 etaient
594 4847 640 4886 ses
651 4833 747 4900 points
759 4834 901 4885 extremes
918 4847 952 4882 au
969 4832 1113 4899 voisinage
1131 4831 1166 4882 de
1184 4829 1303 4882 Namur.
1318 4850 1332 4878 s
1352 4831 1621 4890 Vannnnmrtonnn,

479 4936 552 4971 onor.
563 4921 623 4978 citt,
636 4928 659 4971 t.
671 4919 708 4981 ΙΙ,
720 4935 748 4987 p.
761 4921 817 4972 128.
