4450 6125
802 882 956 975 Sancti
990 883 1201 974 Huberti.
1301 882 1303 886 ’
1494 891 1576 1004 239

429 1197 526 1270 cepte
546 1188 795 1268 disceptationi,
817 1189 924 1250 donec
946 1187 1092 1268 ipsemet
1106 1188 1246 1249 veniens
1260 1187 1454 1267 imponeret
1468 1186 1575 1250 finem

428 1291 488 1352 rei.
507 1290 668 1352 Wiredus
687 1290 819 1352 interea
837 1290 1036 1352 elaborabat
1051 1290 1312 1352 adversantibus
1327 1290 1390 1351 sibi
1407 1291 1573 1369 prestabi-

429 1392 470 1454 lis
496 1391 581 1463 lieri‚
610 1402 712 1471 prout
738 1410 912 1474 quemque
939 1399 1079 1453 noverat
1108 1409 1170 1471 pro
1200 1392 1354 1453 moribus
1378 1393 1451 1454 suis
1475 1410 1572 1471 posse

428 1492 649 1571 complacari;
663 1491 778 1573 sicque
795 1490 962 1571 paulatim
978 1491 1069 1570 apud
1087 1500 1215 1551 temere
1230 1491 1484 1553 tumultuantes
1497 1492 1572 1552 ani·

386 1618 399 1667 5
429 1611 515 1668 mos,
537 1602 570 1653 et
583 1593 768 1672 apostolica
787 1593 955 1654 sententia
974 1592 1074 1653 viluit
1092 1603 1127 1653 et
1142 1591 1253 1653 fervor
1268 1593 1395 1653 tuende
1417 1592 1571 1654 veritatis

428 1694 596 1775 refriguit.
616 1694 686 1755 Hoc
697 1694 738 1754 ad
752 1701 891 1771 tempus
903 1692 1152 1772 impedimento
1162 1691 1226 1752 sibi
1239 1693 1356 1766 dilato,
1372 1701 1568 1755 nontamen

425 1795 636 1856 omnimodis
657 1795 781 1866 ablato,
806 1794 968 1855 Wiredus
989 1792 1099 1854 lactus
1116 1794 1282 1865 securior,
1310 1794 1345 1853 in
1373 1795 1568 1857 maximum

425 1896 560 1958 ecclesie
572 1897 766 1975 dampnum
779 1895 903 1956 liberos
914 1906 948 1955 et
962 1894 1129 1955 militares
1144 1895 1568 1973 casatosacepitsibiaffec-

424 2006 508 2071 tare,
529 2015 680 2078 quorum
703 1997 848 2076 receptis
871 1994 1031 2056 manibus
1050 1996 1200 2056 inaniter
1221 1996 1358 2074 jactaret
1380 2014 1460 2058 suos
1480 2016 1563 2062 esse.

367 2121 396 2156 ιο
425 2097 533 2158 Causa
551 2097 654 2175 hujus
670 2095 832 2158 vanitatis
844 2096 939 2157 dedit
950 2095 1098 2175 johanni
1112 2097 1276 2156 advocato
1288 2096 1566 2160 Caviniacensem

422 2199 689 2270 advocationem,
710 2217 778 2279 qua
798 2197 975 2259 occasione
994 2197 1051 2258 ille
1070 2198 1242 2258 contraxit
1262 2198 1325 2258 sibi
1343 2198 1451 2260 tocius
1466 2199 1566 2261 Cavi-

422 2298 1563 2375 niaciutilitatem.DeditWalterodeAmpliz¹allodiumdeSenel',

419 2400 510 2479 quod
538 2400 580 2460 ab
606 2399 750 2479 antiquo
775 2409 848 2459 erat
874 2398 1052 2458 addictum
1074 2404 1108 2457 et
1131 2398 1364 2475 conscriptum
1390 2399 1564 2477 prebende

420 2499 566 2562 fratrum
588 2518 667 2562 cum
680 2500 791 2560 tribus
802 2499 932 2560 solidis.
948 2499 1046 2560 Dedit
1059 2499 1187 2559 Bovoni
1201 2500 1242 2559 de
1255 2500 1398 2560 Walrart
1410 2490 1422 2526 ³
1435 2500 1563 2561 molen-

364 2625 390 2675 ¹5
419 2600 542 2661 dinum
559 2602 600 2662 ad
619 2602 732 2661 lacum
747 2609 781 2661 et
795 2602 953 2661 cambam
973 2600 1015 2659 de
1035 2598 1234 2677 Gruispont.
1253 2600 1414 2662 Reddidit
1435 2601 1562 2663 Rodul-

420 2704 490 2780 pho
513 2700 727 2771 Vilantiensi‚
750 2699 847 2780 quasi
877 2718 939 2761 suo
969 2700 1115 2778 parenti,
1142 2700 1304 2760 solidatas
1327 2711 1416 2763 terre
1430 2703 1452 2773 ⁴,
1476 2719 1562 2781 quas

416 2801 562 2881 ipsemet
578 2802 676 2882 legali
697 2799 824 2881 judicio
843 2799 1086 2882 reacquisierat
1107 2799 1121 2839 Ι
1142 2801 1289 2864 ecclesie.
1316 2803 1499 2865 [amberto
1520 2804 1562 2863 de

417 2896 843 2966 Ruvonia⁶⁵hereditatem
858 2900 943 2982 ejus,
960 2919 1027 2983 que
1042 2903 1192 2981 ascripta
1204 2902 1222 2941 d
1230 2914 1302 2965 erat
1317 2905 1485 2981 prebende
1497 2904 1562 2965 fra·

417 3014 522 3080 trum,
540 3005 575 3066 in
591 3012 828 3067 casamentum
842 3002 1008 3065 vendidit.
1026 3002 1188 3066 Vendidit
1204 3004 1408 3067 Goderanuo
1419 3006 1461 3066 de
1474 3005 1562 3068 Burs

358 3131 389 3167 ιο
417 3107 588 3167 minutam
603 3105 772 3166 decimam
787 3104 941 3181 ejusdem
959 3104 1036 3163 ville
1051 3115 1085 3165 et
1102 3105 1266 3166 Duranno
1280 3105 1443 3186 quicquid
1467 3116 1561 3167 tene·

417 3210 473 3268 bat
493 3214 592 3268 terre.
617 3207 676 3268 His
696 3205 817 3267 casatis
841 3204 973 3265 noviter
996 3205 1060 3266 sibi
1076 3207 1265 3277 conductis,
1285 3208 1325 3266 de
1340 3210 1442 3268 rebus
1456 3206 1559 3268 eccle-

415 3308 558 3369 siasticis
582 3308 717 3368 ecclesie
745 3307 874 3367 dolenti
900 3305 935 3365 in
963 3316 1172 3384 perpetuum
1192 3306 1369 3367 subductis
1384 3306 1555 3383 subsidiis,

414 3409 510 3489 quasi
530 3408 651 3470 fortior
669 3417 703 3469 et
721 3408 902 3489 gloriosior
922 3406 1023 3468 vellet
1043 3406 1162 3481 videri,
1186 3407 1286 3487 longe
1301 3408 1400 3470 aliter
1416 3426 1468 3469 res
1482 3409 1558 3487 ipsa

415 3511 588 3587 processit,
612 3512 675 3571 hoc
699 3510 814 3588 ipsum
836 3508 1038 3587 disponente
1060 3507 1192 3586 justitia
1213 3510 1472 3585 omnipotentis
1495 3509 1555 3589 qui

357 3641 386 3691 ²5
413 3611 448 3671 in
483 3612 697 3672 contrarium
728 3609 829 3670 vertit
855 3608 1018 3689 quicquid
1048 3608 1141 3668 videt
1169 3618 1288 3668 contra
1324 3626 1358 3667 se
1387 3608 1556 3669 inutiliter

412 3712 537 3773 moliri.
555 3712 642 3772 Nam
654 3728 741 3791 quos
752 3710 911 3789 sperabat
921 3708 956 3769 in
969 3692 1109 3770 consilio
1121 3717 1154 3768 et
1165 3709 1293 3769 auxilio
1304 3708 1367 3769 sibi
1380 3707 1449 3769 fore
1463 3710 1552 3781 usui,

442 3910 466 3941 a.
487 3899 622 3943 casatatos
635 3891 671 3940 A.
691 3919 715 3927 —
731 3888 754 3940 b.
768 3889 950 3954 reaquisierat
962 3887 999 3939 A.
1014 3916 1046 3923 -
1062 3902 1085 3938 c.
1100 3901 1216 3936 ruvema
1228 3886 1265 3936 A.
1279 3915 1311 3922 -
1327 3886 1354 3937 d.
1367 3886 1502 3952 asscripta
1513 3886 1551 3938 A.

442 4188 449 4215 ¹
471 4180 576 4247 Ambly
590 4178 723 4245 (Namur,
739 4177 853 4237 Ument,
868 4174 1049 4238 Rochelort).

442 4266 576 4325 ²Semel‚
606 4264 716 4315 Semcllc
739 4262 838 4319 Senele,
864 4261 1045 4327 dependance
1069 4260 1103 4310 de
1128 4259 1153 4308 la
1177 4274 1328 4309 commune
1352 4258 1387 4309 de
1412 4256 1548 4325 Longlier

351 4373 382 4421 30
408 4351 635 4420 (Luxembourg‚
647 4350 866 4415 Nealchateau).

441 4445 450 4483 3
469 4439 507 4489 Ce
526 4440 597 4487 Baro
612 4439 642 4486 dc
659 4437 768 4486 lValeart
781 4436 893 4501 (Waha,
908 4433 1120 4499 Luxembourg,
1134 4431 1264 4497 Marche)
1281 4438 1322 4481 est
1340 4431 1366 4480 le
1383 4432 1547 4498 memeque

406 4524 433 4575 le
445 4526 516 4574 Bono
528 4524 688 4575 castellanus
700 4521 899 4576 Illirooldensis,
915 4520 1078 4580 cidessous,
1092 4534 1116 4569 c.
1130 4531 1161 4583 93
1175 4518 1264 4583 (122),
1277 4532 1388 4568 comme
1404 4517 1424 4567 il
1442 4517 1547 4569 resulta

406 4611 442 4661 de
458 4627 488 4662 ce
505 4627 619 4678 passage
636 4611 671 4661 de
689 4609 799 4660 (iratas
817 4608 959 4667 u'Onvan,
978 4622 1052 4655 ouer.
1066 4607 1124 4661 cita,
1145 4603 1230 4666 1.111‚
1249 4619 1272 4655 c.
1291 4605 1318 4654 18
1337 4602 1466 4669 (ΜΘΗ,
1482 4603 1544 4667 55„

407 4696 493 4759 XXV,
506 4699 553 4763 94)
568 4715 574 4749 :
592 4697 704 4747 Hisdem
719 4698 800 4745 etiam
816 4694 904 4745 dicbus
920 4694 988 4744 idem
1006 4691 1118 4743 Obertus
1132 4693 1265 4757 episcopus
1279 4699 1399 4741 castrum
1415 4691 1445 4740 de
1461 4690 1547 4741 Mire·

347 4804 361 4852 3
364 4803 378 4853 5
407 4791 475 4832 wau!
486 4785 634 4849 refirmavit
644 4790 668 4832 et
681 4784 813 4832 Boooncm
826 4782 856 4832 dc
874 4780 974 4830 Wahar
984 4779 1159 4829 castellanum
1165 4780 1243 4844 fecit.

441 4877 452 4911 ⁴
468 4871 585 4921 Solidata
599 4878 675 4924 terre,
692 4869 784 4919 modus
796 4870 859 4933 agri
869 4868 904 4917 ad
917 4866 1031 4916 valorem
1040 4882 1165 4916 annuum
1176 4867 1257 4915 unius
1268 4865 1355 4916 solidi.
1369 4864 1415 4915 DU
1427 4864 1542 4915 CANGE.

442 4961 450 4998 5
468 4956 611 5026 Revogne,
621 4955 801 5022 dependance
813 4955 848 5005 de
862 4953 984 5019 Honnay
997 4952 1132 5018 (Namur,
1147 4950 1328 5018 Beauraing).
