4450 6125
510 811 564 891 70
727 780 1038 861 cantatorium
1067 784 1161 859 sive
1196 778 1446 861 Chronicon

507 1077 580 1156 ejus
599 1076 787 1147 Mathildis,
804 1094 845 1137 eo
866 1075 993 1140 relicto.
1013 1076 1289 1157 langobardiam
1311 1077 1413 1138 rediit
1424 1077 1447 1151 ¹,
1463 1078 1648 1161 sepiusque

508 1181 693 1241 mandante
714 1179 839 1240 marito
863 1185 899 1239 ut
919 1179 1057 1252 rediret,
1075 1196 1144 1241 non
1164 1178 1276 1240 solum
1297 1196 1366 1241 non
1382 1180 1646 1261 obtemperavit,

507 1298 630 1342 verum
645 1279 752 1341 edixit
768 1278 958 1350 mandanti,
973 1287 1011 1340 ut
1022 1279 1063 1339 ad
1079 1296 1115 1340 se
1130 1279 1186 1340 ille
1198 1279 1340 1353 veniret,
1354 1289 1388 1343 et
1398 1280 1490 1343 sicut
1503 1299 1538 1344 se
1549 1298 1650 1345 cura·

506 1389 570 1456 ret,
586 1398 724 1460 capsam
747 1379 972 1460 reliquiarum
995 1380 1102 1458 patris
1123 1380 1176 1441 sui
1194 1378 1361 1442 Bonelacii
1382 1381 1447 1445 sibi
1462 1380 1646 1446 deferret¹.

488 1480 678 1546 ,Seductus
693 1479 748 1541 ille
762 1498 822 1559 spe
836 1480 1046 1540 conciliande
1061 1480 1125 1541 sibi
1137 1481 1304 1561 conjugis,
1320 1480 1487 1559 prefatam
1502 1500 1645 1562 capsam
1696 1500 1710 1553 s

506 1584 695 1645 eburneam
710 1600 791 1644 cum
806 1581 958 1662 reliquiis
969 1581 1084 1643 abbati
1097 1582 1263 1643 violenter
1274 1583 1427 1657 abstulit,
1441 1593 1475 1645 et
1487 1583 1648 1647 Mathildi

507 1684 626 1748 retulit
641 1676 663 1759 ³,
687 1684 804 1746 relicto
826 1694 942 1745 tamen
964 1683 1063 1745 altari
1084 1683 1176 1764 quod
1200 1681 1311 1745 fuerat
1333 1701 1420 1764 pape
1442 1684 1610 1763 Johannis
1624 1688 1649 1748 ⁴.

509 1785 574 1849 Sed
597 1804 657 1847 nec
677 1786 882 1866 sicquidem
903 1785 993 1863 apud
1014 1802 1090 1845 eam
1110 1785 1304 1845 maritalem
1318 1785 1467 1866 gratiam
1482 1787 1647 1864 obtinuit,

507 1897 710 1970 spretusque
725 1890 768 1949 ab
783 1906 821 1948 ea
837 1897 870 1948 et
884 1876 1068 1948 inactus⁰⁵
1083 1886 1127 1947 ab
1144 1885 1237 1947 ltalia
1257 1886 1516 1967 lotharingiam
1533 1889 1648 1952 rediit.

508 1991 672 2054 Conscius
700 2008 781 2051 vero
809 2007 844 2049 se
873 1989 1031 2050 abbatem
1058 1988 1197 2067 gravius
1226 1985 1405 2049 offendisse
1431 2006 1495 2067 pro
1523 1989 1650 2053 ablatis
1688 2009 1721 2046 ro

507 2100 706 2155 sanctorum
729 2090 937 2170 patrociniis,
961 2106 1041 2150 cum
1067 2106 1108 2149 ex
1133 2089 1197 2149 hoc
1223 2088 1327 2151 nichil
1353 2089 1425 2167 ipse
1451 2089 1647 2169 profecerit,

507 2192 672 2254 callidiori
701 2191 876 2253 aversione
905 2189 1145 2252 imminentem
1174 2189 1237 2251 sibi
1267 2189 1379 2251 acrius
1405 2190 1512 2251 vitare
1542 2191 1644 2271 cepit.

508 2293 655 2356 Coactus
673 2292 813 2354 tandem
834 2292 938 2353 abbas
952 2292 994 2352 de
1012 2308 1051 2352 eo
1065 2291 1258 2370 desperare,
1276 2300 1314 2352 ut
1329 2298 1402 2352 erat
1417 2289 1648 2354 amicissimus

541 2528 567 2564 a.
586 2528 619 2562 ou
635 2510 662 2560 vi
678 2517 756 2561 actus
768 2509 814 2563 A:
829 2507 865 2557 les
880 2515 971 2558 autres
986 2509 1069 2571 copies
1084 2514 1129 2556 ont
1144 2507 1235 2572 adepti
1245 2513 1308 2557 cette
1319 2507 1438 2557 dernirn
1450 2506 1531 2567 Ieron,
1553 2510 1652 2559 nmis&

508 2605 569 2652 tort,
585 2613 639 2664 aoy.
652 2596 801 2650 ci-dessous,
817 2601 874 2643 note
884 2606 915 2657 5.
1689 2605 1721 2658 ¹5

544 2933 550 2959 ¹
572 2923 627 2976 Des
640 2924 792 2975 l'automne
804 2924 840 2975 de
852 2923 960 2973 l'annee
975 2936 1047 2987 1071,
1062 2921 1104 2973 s'il
1118 2921 1206 2973 lallait
1217 2938 1252 2973 en
1265 2923 1356 2974 croire
1370 2921 1561 2982 uncrinus,
1573 2937 1651 2974 ouvr.

508 3013 566 3068 citt,
583 3027 630 3078 pp.
647 3019 770 3076 17e141.
789 3009 861 3060 Mais
877 3019 921 3059 cet
936 3017 1038 3059 auteur
1052 3009 1105 3059 tire
1122 3017 1196 3059 cette
1212 3009 1277 3059 date
1289 3009 1474 3075 uniquement
1486 3008 1524 3059 du
1537 3022 1653 3078 passage

509 3099 644 3151 cidessus
656 3100 691 3151 de
702 3110 784 3150 notre
799 3098 958 3165 chronique,
975 3098 1096 3164 laquelle
1109 3107 1223 3148 raconte
1234 3097 1260 3147 la
1272 3097 1432 3162 separation
1446 3097 1482 3148 de
1494 3096 1651 3150 Godesroid

508 3192 537 3236 et
553 3186 588 3237 de
605 3184 743 3236 Mathilde
760 3188 841 3251 apres
858 3184 898 3235 les
914 3184 1023 3235 affaires
1039 3185 1074 3235 de
1092 3184 1213 3236 Flandre
1224 3194 1252 3235 et
1265 3183 1458 3235 l’inleodation
1473 3185 1511 3236 du
1526 3183 1653 3237 Hainaut

509 3272 605 3339 (¹07¹)
626 3282 654 3324 et
674 3272 732 3323 cela
753 3288 788 3323 en
810 3287 855 3322 ces
876 3281 979 3322 termes
1001 3256 1201 3335 {grassabatur
1221 3272 1320 3320 interea
1340 3271 1492 3323 discidium.
1517 3269 1582 3336 Que
1604 3286 1652 3323 ces
1683 3286 1723 3326 ιο

508 3367 613 3409 termes
629 3372 701 3408 nous
718 3356 887 3407 iournissent
903 3372 940 3406 un
954 3356 1054 3418 indice,
1067 3357 1094 3423 je
1106 3372 1143 3407 ne
1154 3355 1181 3406 le
1193 3365 1321 3407 conteste
1334 3372 1394 3421 pas;
1410 3357 1478 3407 mais
1489 3357 1517 3423 je
1529 3356 1576 3424 n'y
1588 3358 1653 3424 puis

508 3453 624 3496 trouver
647 3444 688 3495 les
711 3444 849 3494 elements
871 3443 955 3494 d’une
978 3444 1116 3494 assertion
1139 3444 1212 3494 aussi
1235 3443 1415 3511 categorique
1437 3458 1492 3511 que
1517 3443 1590 3494 celle
1616 3444 1654 3496 de

508 3532 692 3584 Dieclrmann.

543 3628 551 3654 ²
571 3633 609 3670 ns
627 3618 778 3678 Roasunx,
796 3635 871 3669 ouer.
885 3620 943 3673 citi,
960 3633 987 3683 p.
1002 3617 1043 3678 64,
1057 3617 1163 3668 traduit
1178 3632 1184 3666 :
1201 3616 1281 3667 «elle
1294 3616 1332 3667 lui
1347 3616 1446 3666 manda
1458 3617 1493 3667 de
1505 3632 1536 3667 se
1548 3617 1652 3669 rendre

507 3710 609 3773 aupros
624 3705 707 3756 d'elle
723 3715 750 3756 et
769 3706 804 3756 de
820 3720 856 3756 ne
872 3720 921 3770 pas
938 3704 1050 3755 oublier
1066 3704 1101 3754 de
1116 3719 1147 3755 se
1160 3704 1254 3754 munir
1265 3704 1300 3754 de
1313 3702 1338 3754 la
1350 3713 1468 3755 cassette
1481 3722 1504 3753 ».
1522 3703 1563 3755 Ce
1579 3704 1652 3756 n'est
1681 3718 1718 3770 25

507 3808 556 3859 pas
576 3791 660 3842 cela:
684 3811 696 3838 ‹
717 3791 772 3841 elle
794 3791 833 3841 lui
855 3791 954 3841 manda
973 3791 1008 3841 de
1027 3791 1108 3841 venir
1126 3793 1227 3856 auprbs
1245 3790 1328 3841 d'elle
1346 3799 1384 3850 et,
1406 3789 1449 3841 s'il
1470 3790 1577 3843 voulait
1598 3805 1651 3843 son

508 3893 612 3944 propre
625 3877 699 3937 bien,
712 3877 874 3941 d'apporter
886 3877 910 3926 la
924 3885 1041 3927 cassette
1055 3895 1079 3928 s.
1457 3921 1459 3925 .

541 3971 551 4008 3
571 3963 641 4013 Vers
659 3964 683 4013 la
701 3962 737 4012 lin
755 3963 790 4012 de
801 3962 909 4013 l'annee
925 3976 999 4026 107²}
1015 3962 1041 4012 le
1057 3976 1084 4026 17
1097 3962 1207 4029 janvier
1222 3975 1294 4026 1073,
1308 3977 1380 4014 nous
1393 3977 1511 4030 voyons,
1524 3978 1560 4014 en
1572 3962 1650 4025 effet,

508 4048 663 4102 Godelroid
680 4049 706 4100 lc
725 4048 813 4099 Bossu
830 4049 952 4114 prendre
969 4058 1030 4113 part
1046 4064 1113 4099 avec
1131 4048 1245 4099 Beatrix
1262 4058 1290 4099 et
1305 4049 1428 4100 d'aulres
1443 4049 1546 4117 grands
1561 4052 1575 4100 a
1592 4065 1651 4101 une

507 4135 689 4189 assembleea
703 4134 774 4185 Pise.
788 4134 861 4201 Voy.
876 4132 1065 4193 Drncrcurrxn',
1078 4150 1153 4185 oriar.
1168 4136 1226 4188 citt,
1242 4149 1269 4199 p.
1284 4148 1325 4194 4²·
1680 4151 1718 4202 30

541 4232 553 4266 ⁴
570 4223 642 4291 Voy.
658 4223 818 4288 chronique,
833 4220 978 4281 cidessus,
992 4236 1016 4272 c.
1031 4234 1061 4283 ²3
1076 4219 1148 4286 (32),
1162 4237 1189 4287 p.
1205 4234 1245 4285 59.

542 4318 551 4355 5
569 4309 689 4366 Inscius,
709 4312 756 4377 qui
771 4308 843 4359 nilrr'l
856 4311 917 4373 egit,
939 4308 984 4358 Du
1001 4307 1119 4366 Crixum
1139 4309 1165 4356 ω’
1180 4314 1255 4356 actus
1269 4308 1353 4357 serait
1370 4306 1495 4373 possible
1506 4307 1653 4376 paleogra·

508 4397 702 4463 phiquemcnt,
721 4396 790 4445 mais
807 4411 859 4460 peu
877 4393 1044 4444 satislaisant
1060 4409 1094 4443 au
1112 4393 1193 4458 point
1209 4393 1244 4444 dc
1261 4408 1316 4443 vue
1331 4394 1369 4443 du
1386 4408 1459 4445 sens.
1479 4392 1552 4444 Loin
1563 4393 1652 4461 qu'on

509 4484 602 4549 puisse
618 4485 708 4533 croire
725 4499 779 4547 quc
800 4480 937 4531 Mathilde
955 4489 1002 4530 eut
1024 4495 1137 4530 recours
1155 4482 1170 4529 a
1189 4479 1215 4529 la
1235 4478 1309 4530 lorce
1328 4489 1427 4531 contre
1447 4478 1604 4533 Godesroid
1622 4480 1651 4534 le

510 4569 609 4629 Bussu,
635 4569 652 4618 il
677 4578 718 4619 est
742 4569 848 4618 certain
872 4583 927 4634 que
950 4583 982 4617 ce
1005 4582 1112 4633 voyage
1136 4565 1177 4616 lut
1201 4580 1274 4631 pour
1297 4566 1347 4627 lui,
1372 4581 1407 4617 au
1431 4567 1511 4631 point
1534 4565 1571 4618 de
1594 4583 1652 4621 vue
1681 4587 1714 4639 35

508 4656 656 4722 polirique,
679 4670 716 4704 un
738 4653 874 4704 viritable
894 4657 1000 4713 succes,
1018 4662 1045 4703 et
1067 4652 1248 4703 bracarum
1264 4652 1427 4718 conjecture
1444 4652 1652 4720 legitimement

508 4758 572 4811 que,
586 4745 600 4791 i
613 4757 664 4792 son
676 4742 774 4807 dispari
787 4740 906 4801 d'ltalie,
919 4756 954 4790 en
967 4740 1012 4791 ‹ite'
1029 4754 1100 4804 1073,
1115 4738 1270 4791 (iodeiroid
1287 4738 1318 4789 fit
1337 4749 1418 4790 route
1433 4755 1501 4791 arec
1517 4740 1559 4791 les
1574 4741 1652 4794 deux

508 4831 664 4896 princesses
676 4829 803 4895 jusqu'au
817 4828 880 4894 picd
893 4828 942 4879 des
956 4827 1052 4892 Alpes,
1066 4842 1131 4892 roy.
1145 4843 1220 4878 eurr.
1234 4827 1292 4881 citt,
1309 4842 1336 4891 p.
1351 4837 1392 4889 45.
