4450 6125
525 879 599 956 150
722 877 1033 958 cantatorium
1063 882 1156 958 stae
1191 877 1440 960 Chronicon

515 1175 717 1239 porcensem
739 1175 953 1250 comitatum,
977 1193 1056 1238 cum
1078 1177 1325 1258 omnibusque
1349 1183 1449 1238 erant
1477 1177 1529 1238 sui
1556 1176 1654 1251 iuris,

513 1274 602 1353 patri
617 1283 651 1338 et
667 1274 737 1336 filio
753 1277 905 1338 maxima
919 1276 1018 1355 pretii
1036 1278 1079 1338 ab
1094 1277 1142 1337 eis
1156 1287 1292 1355 accepta
1304 1289 1318 1314 ⁶
1333 1293 1471 1338 summa
1487 1277 1656 1339 vendidit.

513 1375 674 1452 Quorum
689 1392 854 1438 consensu
872 1377 1027 1438 unanimi
1043 1387 1077 1438 et
1092 1377 1183 1438 dono
1197 1377 1309 1458 legali,
1326 1377 1449 1439 cellam
1464 1378 1658 1457 predictam

513 1475 602 1536 beati
621 1476 822 1538 Thieboldil
837 1477 1067 1539 Theodericus
1082 1479 1187 1538 abbas
1200 1477 1337 1540 ecclesie
1353 1478 1441 1540 beati
1461 1478 1608 1542 Huberti
1623 1489 1658 1541 et

460 1617 466 1629 .
514 1576 603 1638 beati
621 1577 711 1638 Petri
729 1588 894 1657 perpetuo
909 1579 1101 1640 habendam
1122 1577 1283 1645 obtinuit.
1300 1596 1448 1660 suosque
1469 1580 1658 1643 monachos
1700 1592 1711 1643 s

513 1677 560 1737 ibi
590 1677 778 1750 constituit,
807 1677 944 1740 firmato
972 1679 1052 1740 inde
1081 1677 1215 1756 publice
1244 1677 1423 1760 privilegio
1452 1677 1486 1739 in
1516 1678 1658 1741 archivo

513 1776 700 1857 pontificali
716 1779 855 1840 ecclesie
871 1778 1059 1852 Remensis‚
1074 1789 1333 1859 recognoscente
1348 1778 1431 1840 illud
1449 1787 1483 1840 et
1498 1777 1657 1860 signante

512 1879 768 1958 archiepiscopo
791 1880 981 1962 Raginoldo
1001 1898 1082 1942 cum
1097 1891 1109 1918 ⁶
1127 1880 1258 1941 clericis
1278 1882 1373 1942 beate
1396 1879 1501 1941 Marie
1520 1897 1660 1960 semper

512 1980 656 2060 virginis
672 1986 693 2041 ¹.

554 2160 613 2220 66.
631 2156 706 2235 (78.)
722 2157 852 2219 Cellam
868 2158 972 2220 etiam
989 2158 1196 2232 Cunensem,
1214 2175 1280 2238 que
1303 2167 1353 2219 est
1368 2159 1403 2219 in
1419 2159 1550 2221 honore
1566 2159 1656 2222 beati
1687 2186 1714 2222 lo

513 2256 688 2319 Michaelis
706 2256 914 2339 archangeli,
932 2274 1012 2318 cum
1032 2258 1194 2319 omnibus
1208 2256 1415 2336 appenditiis
1429 2255 1512 2333 suis,
1528 2256 1659 2320 scilicet

512 2358 743 2421 denominatis
764 2361 799 2420 in
823 2358 1002 2439 privilegio
1026 2358 1181 2434 eiusdem
1208 2359 1345 2420 ecclesie
1367 2358 1390 2432 ²,
1417 2358 1582 2438 subjectis
1606 2359 1657 2421 illi

511 2459 669 2534 ecclesiis,
697 2459 850 2528 decimis.
877 2458 1019 2532 familia,
1043 2458 1143 2520 terris
1171 2459 1273 2520 cultis
1301 2468 1335 2520 et
1359 2458 1509 2533 incultis,
1535 2459 1656 2539 pratis,

511 2561 617 2635 silvis,
644 2561 762 2634 vineis,
790 2561 918 2642 aequis,
947 2559 1161 2632 molendinis,
1190 2560 1381 2638 piscaturis,
1408 2559 1530 2634 furnis,
1554 2559 1657 2643 legali

512 2659 639 2723 Galteri
654 2671 688 2722 et
702 2659 817 2723 fratris
830 2665 904 2740 ejus
917 2660 1066 2722 Dodonis
1077 2650 1089 2686 ³
1101 2660 1192 2720 dono
1206 2671 1239 2722 et
1255 2659 1373 2723 uxoris
1386 2661 1460 2739 ejus
1473 2661 1630 2725 llawidis
1640 2661 1660 2700 Α
1687 2680 1713 2730 ¹5

543 2856 568 2888 a.
588 2838 669 2889 Dans
681 2839 731 2897 A..
746 2855 778 2889 an
791 2839 822 2889 tit
834 2848 962 2906 suscepta
976 2840 1020 2890 vel
1032 2849 1156 2907 accepta.
1170 2868 1202 2878 -
1219 2839 1242 2890 b.
1262 2839 1405 2893 Tietboldi
1417 2843 1441 2891 Α
1446 2872 1466 2899 ,.
1480 2870 1514 2879 -
1530 2858 1554 2893 c.
1575 2842 1657 2894 Dans

510 2927 559 2982 A„
574 2941 607 2975 on
620 2924 653 2975 tre
664 2934 706 2976 est
717 2942 778 2976 avec
789 2925 813 2976 lc
824 2935 835 2976 l
847 2925 918 2993 br'fft.
932 2955 965 2964 -
982 2927 1008 2979 d.
1029 2926 1169 2978 Hannidis
1181 2928 1230 2985 A..

545 3226 552 3251 ¹
572 3216 667 3269 L’acte
687 3218 722 3269 de
743 3216 888 3270 fondation
908 3219 946 3270 du
967 3218 1080 3285 prieurs
1100 3219 1136 3270 de
1156 3217 1414 3271 Characa-Porcien
1438 3233 1488 3284 par
1510 3218 1537 3269 le
1561 3229 1658 3271 comte

510 3302 615 3371 Roget,
628 3319 657 3355 sa
670 3302 774 3355 lemme
787 3304 980 3373 Ermengarde
991 3313 1020 3356 et
1032 3320 1061 3356 sa
1074 3303 1133 3356 fille
1147 3303 1265 3372 Sibylle,
1278 3320 1314 3357 en
1330 3306 1402 3371 1087,
1421 3319 1437 3355 a
1454 3303 1500 3356 dle
1517 3306 1657 3359 conserve

510 3406 546 3443 en
563 3390 683 3459 original
700 3401 728 3442 et
747 3390 822 3442 edite
837 3407 873 3443 en
885 3392 999 3443 dernier
1011 3391 1067 3443 lieu
1080 3406 1131 3457 par
1141 3390 1177 3443 G.
1191 3390 1311 3452 Koara,
1324 3408 1400 3443 cuvr.
1413 3393 1472 3447 citt,
1486 3400 1507 3443 t.
1522 3390 1544 3453 l,
1558 3407 1606 3459 pp.
1621 3392 1655 3445 62
1685 3407 1719 3446 ιο

509 3486 538 3529 et
550 3477 623 3529 suiv.
643 3476 761 3528 Renaud
779 3477 817 3528 du
836 3475 935 3545 Bellay
953 3486 995 3529 est
1011 3492 1046 3528 en
1060 3476 1128 3529 effer
1144 3477 1309 3530 mentionns
1322 3478 1391 3529 dans
1401 3477 1483 3530 l'acte
1496 3492 1503 3528 ε
1516 3485 1621 3529 astam
1632 3487 1658 3530 ct

508 3564 667 3632 approbante
678 3563 830 3631 Raginalda
840 3564 969 3616 Remensi
978 3564 1180 3632 archicpcscopa.

543 3661 551 3685 ²
571 3650 626 3704 Sur
649 3651 676 3702 la
699 3651 845 3704 fondation
865 3652 902 3703 du
924 3652 1037 3719 prieurs
1057 3652 1093 3703 de
1114 3650 1311 3704 Sciat-Micbel
1333 3651 1657 3717 (Gunela-Grandville,

509 3740 705 3806 departement
731 3739 767 3790 de
792 3737 1110 3800 Meurthe-el·Moselle,
1137 3738 1376 3790 arrondisscment
1403 3739 1438 3790 de
1464 3737 1575 3806 Bricy),
1602 3738 1657 3793 etr.

509 3825 545 3877 G.
566 3824 685 3887 Koara,
706 3841 782 3875 aare.
801 3827 859 3881 citt,
884 3834 904 3877 r.
926 3824 947 3886 1,
969 3840 1016 3891 pp.
1036 3825 1069 3876 80
1087 3833 1115 3876 et
1137 3825 1209 3875 suiv.
1234 3822 1286 3875 Cet
1307 3832 1368 3876 acte
1388 3824 1423 3876 de
1443 3822 1591 3877 fondation
1610 3836 1657 3878 est
1687 3844 1719 3896 ²5

510 3910 611 3977 perdu.

544 4001 555 4040 3
576 3993 711 4055 Culmus,
725 3994 845 4047 Gautier
860 3996 938 4057 erait,
956 3997 1027 4047 ainsi
1046 4012 1101 4064 que
1120 3995 1222 4049 Dodon
1240 3996 1379 4057 decons,
1398 3994 1443 4048 fils
1459 3995 1602 4050 d'Adclon
1619 3997 1659 4050 de

511 4082 577 4135 Dun
590 4081 672 4150 (voy.
685 4081 830 4142 ci-dessus,
844 4097 872 4148 p.
888 4096 944 4145 103,
958 4097 986 4133 n.
999 4081 1029 4146 6)
1044 4097 1051 4133 z
1073 4085 1287 4134 comnmnarata'o
1299 4082 1484 4149 Dadonisfilii
1493 4082 1623 4135 Adclms
1633 4093 1662 4136 et

509 4168 647 4221 Hadvidrs
657 4169 688 4220 de
701 4168 878 4225 Cous-castra,
895 4171 942 4236 qui
951 4168 1073 4219 ecclcsiae
1090 4176 1194 4219 nostrae
1210 4168 1304 4220 cellam
1323 4168 1419 4221 Sancti
1434 4168 1578 4222 Michaelis
1593 4179 1660 4223 ante

510 4261 599 4322 ipsum
616 4265 736 4309 castrum
752 4258 832 4308 sitam
850 4272 913 4307 cum
930 4254 1023 4307 nauttis
1036 4256 1196 4323 appenditiis
1207 4256 1278 4307 dedit
1289 4286 1321 4293 —
1331 4285 1363 4293 -
1373 4285 1404 4293 -
1417 4255 1615 4325 (Martyrologc
1625 4258 1660 4309 dc
1689 4275 1724 4326 30

511 4342 719 4400 Sciat-Hubert.
741 4342 796 4395 Ms.
817 4342 891 4396 Bibl.
911 4342 977 4394 Nat.
997 4340 1084 4404 Paris,
1103 4341 1315 4403 collatorem,
1335 4351 1355 4393 t.
1372 4341 1460 4403 XXV,
1479 4358 1507 4409 p.
1524 4356 1581 4410 1⁴7,
1599 4344 1659 4399 cite

511 4446 562 4499 par
579 4429 614 4482 G.
630 4430 750 4491 Koara,
768 4445 843 4480 ouer.
857 4432 916 4485 citt,
937 4438 957 4481 t.
974 4429 995 4491 l,
1015 4444 1042 4495 p.
1057 4429 1113 4497 81).
1134 4428 1174 4480 La
1193 4428 1291 4481 realile
1307 4430 1343 4481 de
1360 4445 1407 4481 oes
1423 4430 1498 4482 deux
1516 4428 1659 4495 looelilds,

511 4516 641 4568 Dunense
654 4524 784 4569 castrum.
803 4515 924 4567 Canense
939 4524 1069 4571 castrum,
1090 4515 1160 4568 dont
1177 4515 1219 4567 les
1236 4531 1319 4568 noms
1336 4526 1399 4568 sont
1418 4518 1441 4569 si
1459 4516 1661 4586 arrangement

511 4599 691 4662 semblables,
702 4609 744 4652 est
756 4601 893 4661 certaine;
906 4600 942 4652 de
955 4601 1056 4661 meme,
1067 4600 1229 4653 l'exislence
1240 4601 1278 4654 du
1291 4601 1404 4668 prieurs
1416 4602 1451 4654 de
1460 4599 1661 4657 Sciat-Gilles·

510 4686 694 4741 derant-Dua
710 4686 763 4753 (du
781 4687 873 4739 moins
888 4702 923 4738 au
940 4685 1020 4738 XIV·
1031 4687 1126 4748 siecle,
1140 4702 1205 4755 voy.
1218 4687 1254 4739 G.
1269 4687 1389 4749 Koara,
1402 4686 1475 4745 ibid..
1494 4703 1543 4755 pp.
1560 4690 1607 4753 481
1627 4701 1658 4744 et
1688 4711 1722 4765 35

511 4773 602 4841 suiv.)
625 4782 653 4824 et
676 4773 713 4824 du
738 4772 851 4839 prieurs
873 4773 909 4825 de
932 4772 1131 4825 Saint-lllichel
1154 4774 1190 4825 de
1212 4774 1289 4826 Cons
1315 4774 1385 4825 dont
1411 4773 1489 4841 porle
1511 4774 1548 4827 ici
1571 4785 1659 4831 notre

513 4860 675 4929 chronique.
694 4858 734 4911 Ce
751 4861 800 4928 qui
819 4875 854 4911 ne
873 4876 917 4911 me
938 4862 1027 4927 paralt
1047 4870 1236 4911 aucunement
1257 4860 1353 4921 etabli,
1374 4861 1441 4913 c'est
1461 4861 1488 4913 la
1508 4860 1659 4918 fondation

511 4963 561 5018 par
588 4955 671 5000 notre
696 4947 815 5000 Gautier
837 4948 874 5000 du
899 4946 1012 5015 prieure
1035 4946 1071 4998 de
1095 4945 1481 5009 Saintssillesdevanl-Dum
1508 4946 1659 5004 fondation
