4450 6125
622 879 675 961 30
833 883 1144 966 Centenarium
1174 893 1267 968 sine
1302 888 1551 971 Chronicon

617 1179 858 1230 ammiratione
876 1190 907 1231 et
920 1180 1040 1233 leticia
1053 1183 1271 1245 retulissent,
1287 1184 1501 1237 illeeoscum
1519 1186 1768 1256 indignatione

618 1265 794 1333 redarguit
816 1276 847 1317 et
868 1282 909 1318 ne
930 1268 1052 1333 alicui,
1074 1270 1183 1337 quoad
1208 1272 1341 1325 viveret
1363 1285 1391 1338 ι,
1416 1274 1478 1325 hoc
1501 1273 1610 1340 ipsum
1631 1274 1766 1328 indica-

617 1367 693 1410 rent
719 1360 889 1426 precepit.
927 1354 1046 1419 Preter
1080 1356 1259 1420 canonicas
1294 1359 1396 1422 horas
1430 1376 1516 1441 quas
1553 1369 1590 1422 nt
1624 1360 1763 1425 debitas

615 1456 798 1538 diligenter
820 1459 889 1518 Deo
914 1456 1121 1531 exsolvebat,
1141 1457 1178 1517 in
1207 1457 1425 1521 veneratione
1452 1459 1547 1522 beate
1576 1459 1763 1527 Trinitatis

614 1568 648 1619 et
672 1556 818 1638 gloriose
839 1574 976 1637 semper
1001 1555 1145 1637 virginis
1171 1556 1276 1618 Marie
1302 1556 1455 1639 itemque
1481 1558 1573 1622 Petri
1595 1563 1759 1640 apostoli,
1809 1586 1825 1638 ς

614 1659 772 1720 omnium
794 1675 931 1739 quoque
952 1667 1163 1731 sanctorum,
1193 1657 1395 1738 singillatim
1420 1659 1556 1740 vigilias
1576 1669 1611 1724 et
1634 1679 1761 1726 omnes

614 1760 716 1821 horas
741 1759 809 1822 diei
836 1760 1053 1833 decantabat3
1081 1759 1285 1838 psalterium
1310 1759 1414 1821 etiam
1443 1758 1533 1823 inter
1562 1770 1697 1824 noctem
1724 1771 1761 1825 et

613 1860 705 1922 diem
724 1878 765 1922 ex
787 1860 921 1942 integro
941 1877 1155 1939 percurrens,
1182 1868 1243 1921 aut
1272 1877 1332 1939 per
1355 1877 1390 1921 se
1419 1860 1585 1940 psallebat
1608 1870 1670 1924 aut
1693 1862 1759 1944 qui

612 1979 675 2041 pro
689 1979 725 2023 se
737 1960 896 2040 psalleret
908 1961 1143 2040 procurabat¹.
1160 1959 1196 2020 ln
1207 1959 1387 2021 cotidianis
1397 1978 1478 2022 vero
1490 1959 1675 2023 missarum
1686 1963 1758 2025 sol-

613 2062 773 2141 lempniis
784 2062 796 2088 ²
809 2060 937 2143 quibus
947 2059 1134 2141 gemitibus
1145 2077 1255 2142 quave
1267 2061 1378 2123 cordis
1390 2060 1594 2123 contritione
1607 2061 1758 2126 Domino
1791 2089 1825 2126 ιο

611 2161 866 2225 sacrificaturus
880 2161 1061 2234 assisteret,
1081 2160 1155 2239 ejus
1172 2161 1277 2224 solius
1298 2171 1349 2224 est
1370 2162 1574 2242 approbare,
1590 2160 1687 2242 cujus
1701 2173 1757 2226 est

611 2263 770 2325 omnium
789 2262 974 2324 hominum
993 2261 1093 2323 corda
1119 2278 1274 2340 pensare.
1303 2261 1410 2340 Cujus
1426 2259 1530 2325 fuerit
1543 2261 1756 2326 humilitatis

610 2365 644 2425 in
665 2363 797 2436 habitu,
819 2363 918 2442 cujus
941 2361 1122 2443 gravitatis
1147 2361 1181 2423 in
1203 2360 1349 2437 incessu,
1373 2363 1472 2437 cujus
1496 2362 1695 2445 equalitatis
1715 2353 1753 2426 in

610 2466 720 2541 vultu,
734 2463 833 2545 cujus
844 2461 1031 2526 honestatis
1045 2462 1082 2523 in
1093 2470 1171 2524 actu
1188 2463 1380 2524 mirabatur
1391 2481 1461 2524 non
1471 2463 1585 2526 solum
1599 2464 1754 2545 quelibet

607 2566 834 2629 ecclesiastica
852 2564 1016 2645 dignitas,
1032 2563 1089 2624 sed
1113 2562 1218 2624 etiam
1238 2560 1387 2624 fastuosa
1407 2573 1441 2624 et
1461 2562 1536 2624 aliis
1556 2561 1752 2627 irreverens
1783 2591 1816 2642 ,ς

607 2666 771 2730 secularis
788 2673 951 2744 potestas;
969 2663 1068 2743 cujus
1085 2672 1119 2724 et
1134 2662 1353 2725 laudabiliter
1372 2661 1615 2745 magnificabat
1629 2665 1750 2726 absen-

607 2768 692 2830 tiam
706 2775 740 2829 et
756 2764 934 2827 humiliter
950 2764 1141 2825 honorabat
1156 2763 1375 2843 presentiam.

650 2992 707 3048 11.
734 2987 807 3065 (17.)
834 2985 1002 3046 Evocatus
1027 3001 1105 3064 sepe
1126 3002 1144 3045 a
1164 2983 1322 3066 religioso
1347 2986 1489 3046 Annone
1504 2983 1517 3023 ὃ
1532 2974 1749 3047 ³·Colonien·

609 3086 700 3149 sium
729 3083 901 3166 pontifice,
931 3085 1040 3147 amica
1069 3084 1287 3146 veneratione
1315 3085 1558 3164 excipiebatur,
1592 3092 1626 3147 et
1655 3086 1748 3167 apud

609 3195 745 3249 tantum
763 3185 878 3248 virum
894 3184 1109 3267 aliquamdiu
1131 3182 1396 3246 familiarissime
1411 3183 1578 3246 remorari
1599 3194 1746 3261 coactus,
1776 3210 1815 3247 ao

608 3288 807 3351 divinarum
821 3288 1076 3368 scripturarum
1092 3295 1215 3348 mutuo
1233 3284 1354 3361 relatu,
1370 3285 1468 3366 quasi
1484 3285 1519 3347 in
1535 3302 1640 3347 aureo
1652 3284 1750 3349 Salo·

639 3524 666 3560 a.
686 3523 743 3575 quo
754 3508 899 3559 adviveret
911 3508 947 3557 A.
961 3535 994 3545 -
1005 3505 1029 3557 b.
1049 3506 1173 3558 Aimone
1185 3506 1222 3557 A.

642 3909 649 3936 ¹
668 3901 722 3952 Ces
734 3903 877 3968 pratiques
893 3902 998 3952 etaient
1014 3916 1179 3952 communes
1191 3903 1206 3950 a
1224 3909 1298 3951 cette
1310 3899 1433 3967 epoque;
1447 3914 1485 3950 on
1498 3908 1612 3966 penten
1624 3899 1689 3951 voit
1699 3897 1749 3951 des

606 4002 726 4054 preuves
738 3987 910 4053 multipliees
922 3988 990 4039 dans
1003 3987 1164 4047 Maternus,
1176 3987 1219 4037 De
1229 3989 1348 4054 ‹avitiquis
1359 3987 1549 4037 monachornm
1557 3984 1665 4050 ritibus,
1678 3986 1749 4038 dans

604 4074 789 4134 Tironiassuv,
804 4072 963 4139 Discipline,
977 4073 1026 4126 liv.
1041 4073 1078 4136 ll,
1092 4075 1173 4139 chap.
1188 4072 1317 4135 Lxxxt,
1330 4090 1358 4140 p.
1375 4088 1397 4123 1.
1411 4072 1487 4124 Note
1499 4072 1534 4124 de
1546 4071 1688 4124 Robaulx.
1777 4090 1810 4142 25

639 4169 648 4195 ²
667 4160 708 4212 Le
719 4170 820 4212 neutre
830 4159 989 4211 solemnium
1001 4169 1029 4211 et
1042 4159 1069 4211 le
1082 4158 1147 4211 lem.
1161 4158 1288 4209 solnnnia
1300 4170 1365 4211 sont
1374 4158 1520 4226 employes
1529 4157 1633 4225 pariois
1641 4158 1748 4211 danila

602 4247 762 4300 litterature
772 4246 993 4315 ecclesiastique,
1008 4261 1080 4313 pour
1091 4244 1254 4296 solemnitas.
1269 4246 1340 4313 Voy.
1356 4245 1402 4296 Du
1414 4246 1526 4296 Causa.

635 4342 645 4380 ³
664 4334 741 4386 Saint
756 4335 870 4394 Annon,
884 4335 1060 4401 archeveque
1072 4334 1107 4385 de
1120 4331 1248 4401 Cologne
1260 4333 1296 4384 de
1311 4332 1401 4396 1056lt
1416 4344 1488 4397 1075,
1502 4331 1566 4382 date
1578 4331 1613 4382 de
1625 4345 1655 4382 sa
1671 4340 1748 4384 mort

603 4421 633 4485 (a
653 4420 827 4487 decembre),
849 4434 949 4483 exerce
972 4419 1142 4487 longtemps,
1164 4434 1275 4470 comme
1298 4418 1396 4487 regent
1416 4417 1536 4469 d'Henri
1558 4416 1606 4479 IV,
1628 4431 1685 4468 une
1705 4417 1749 4469 in·

602 4505 711 4558 fluence
731 4505 970 4572 preponderante3
992 4519 1036 4555 ses
1057 4506 1202 4556 dernieres
1221 4503 1325 4555 annees
1345 4503 1439 4554 iurent
1459 4501 1628 4554 assombries
1648 4516 1700 4569 par
1719 4501 1748 4554 la
1780 4523 1817 4574 30

601 4592 725 4660 disgrace
743 4596 779 4643 ou
799 4592 825 4643 le
843 4592 908 4652 tint,
927 4592 1026 4657 depuis
1043 4590 1070 4642 le
1088 4592 1243 4643 chariment
1260 4591 1309 4642 des
1326 4590 1434 4642 Saxom
1446 4598 1568 4651 surtout,
1581 4604 1634 4642 son
1645 4589 1748 4642 ancien

601 4680 694 4738 eleve3
720 4678 739 4729 il
763 4679 805 4730 iut
830 4678 946 4730 inhume
969 4678 1037 4729 dans
1060 4678 1188 4745 l'abbaye
1211 4679 1246 4730 de
1270 4677 1417 4746 Siegburg,
1442 4675 1510 4745 qu'il
1533 4676 1608 4727 avait
1631 4674 1746 4730 tondes.

601 4764 659 4817 Cir.
680 4764 788 4816 lieven
806 4777 864 4814 vox
884 4763 1022 4825 ltuoxar,
1041 4781 1116 4814 onan.
1137 4766 1197 4827 citi,
1214 4765 1336 4830 passiva:
1352 4778 1418 4830 voy.
1431 4763 1505 4813 aussi
1522 4761 1579 4813 Tu.
1592 4761 1744 4826 Linum,

603 4854 645 4904 Dc
662 4852 759 4903 Sitncto
774 4854 889 4901 .·lnnonc
905 4851 1098 4917 archiepiscopo
1113 4851 1272 4907 Coloniensi,
1288 4866 1352 4917 pars
1370 4851 1458 4916 prior,
1478 4864 1566 4916 usque
1583 4849 1618 4901 ad
1635 4864 1744 4902 annum

605 4940 676 5002 1062,
691 4939 806 4991 Brcslau
823 4939 895 4993 1868.
942 4952 946 4959 ·
1778 4956 1813 5009 35
