4450 6125
899 847 1053 927 Sancti
1088 844 1304 927 Huberli.
1624 873 1666 924 11

531 1146 651 1207 beatus
677 1143 852 1206 Hubertus
880 1160 1049 1224 procura
1077 1143 1276 1204 animarum
1304 1141 1367 1203 sibi
1398 1142 1538 1219 credita,
1570 1153 1608 1204 ut
1636 1145 1672 1203 in
1730 1153 1793 1203 t'ita

531 1245 599 1307 vita
628 1245 703 1322 ejus
727 1245 868 1325 legitur,
893 1266 1099 1317 peromnem
1122 1251 1338 1302 Arduennam
1357 1250 1490 1301 studuit
1508 1266 1673 1302 evacuare
1696 1218 1817 1337 εξωὲξὸ

531 1352 738 1422 ydolatriam
767 1367 831 1420 que
860 1353 968 1405 adhuc
997 1353 1123 1404 ibidem
1153 1363 1345 1419 supererat,
1377 1347 1483 1427 liquet
1511 1346 1602 1428 quod
1634 1365 1674 1408 ex
1703 1352 1821 1413 berria.

533 1447 870 1531 confrequentatione
891 1462 906 1487 ‘¹
938 1449 1153 1512 commeandi
1188 1458 1331 1529 uterque
1360 1448 1464 1511 fuerit
1499 1447 1675 1509 notissime

486 1569 503 1618 5
535 1549 750 1632 cognitionis,
767 1550 922 1629 ejusdem
942 1551 978 1611 in
995 1552 1105 1612 Deum
1127 1550 1319 1612 dilectionis
1340 1559 1373 1610 et
1395 1548 1597 1622 devotionis,
1616 1565 1676 1609 nec

534 1652 650 1714 minus
674 1653 780 1712 etiam
808 1650 1057 1731 cooperationis
1085 1650 1121 1713 in
1147 1652 1211 1712 hoc
1240 1651 1312 1712 loco
1340 1649 1455 1711 divine
1483 1648 1673 1723 electionis,

534 1753 716 1833 utriusque
759 1752 920 1814 instantia
963 1751 1208 1832 predicationis
1251 1750 1425 1812 fatiscente
1462 1749 1604 1829 perfidia
1641 1749 1676 1810 in

534 1853 655 1914 eodem
684 1851 881 1915 territoriob
909 1851 1050 1931 profecit
1075 1861 1305 1932 augmentum
1330 1852 1515 1914 christiane
1542 1852 1676 1932 religio·

537 1955 599 2018 nie.
626 1954 723 2016 Unde
744 1963 777 2017 et
797 1955 964 2036 largiente
985 1955 1131 2016 Domino
1151 1972 1349 2016 concessum
1367 1963 1428 2026 est,
1447 1964 1484 2015 ut
1500 1972 1586 2034 quos
1603 1954 1677 2032 ipsa

482 2079 509 2118 ιο
536 2055 712 2135 provincia
736 2056 849 2117 adhuc
874 2056 909 2117 in
935 2073 1035 2117 carne
1057 2056 1186 2135 positos
1207 2056 1336 2116 meruit
1357 2055 1483 2116 habere
1508 2054 1675 2125 doctores,

535 2157 671 2218 eosdem
692 2175 773 2217 cum
789 2157 927 2218 Christo
946 2166 1128 2236 regnantes
1148 2158 1272 2218 habeat
1292 2156 1452 2236 speciales
1467 2162 1629 2235 patronos
1643 2164 1676 2216 et

535 2255 737 2319 defensores.

575 2441 610 2497 4.
628 2434 688 2513 (8.)
702 2435 839 2511 Quanta
854 2442 888 2495 et
902 2436 995 2516 quali
1011 2437 1194 2519 sagacitate
1208 2437 1302 2497 idem
1317 2436 1496 2515 episcopus
1512 2433 1678 2496 Gualcau-

537 2539 602 2599 dus
619 2538 734 2599 locum
753 2537 870 2617 ipsum
889 2539 1056 2618 ampliare
1073 2539 1258 2611 studuerit,
1278 2537 1404 2617 quibus
1423 2535 1676 2615 possessionum

484 2658 508 2709 ις
537 2638 737 2714 redditibus
754 2639 807 2700 vel
822 2658 863 2702 ex
878 2640 1019 2720 proprio
1040 2638 1221 2718 fratrisque
1236 2638 1289 2699 sui
1307 2635 1556 2716 Erchengoldi⁶
1572 2635 1677 2714 patri-

536 2739 663 2814 moni0,
684 2740 740 2800 sed
762 2752 796 2802 et
815 2759 856 2802 ex
876 2740 1081 2803 casamentis
1099 2757 1118 2799 a
1139 2739 1349 2821 quibusdam
1370 2737 1579 2800 secularibus
1597 2736 1678 2797 sub·

536 2840 652 2902 tractis
662 2839 688 2914 ὅ,
710 2841 904 2903 subsidium
923 2841 1058 2903 vivendi
1080 2852 1152 2902 tam
1171 2839 1316 2920 posteris
1335 2856 1441 2920 quam
1460 2837 1677 2918 presentibus

536 2950 704 3022 perpetuo
734 2944 934 3005 habendum
962 2943 1208 3022 procuraverit,
1235 2942 1263 3002 si
1289 2940 1367 3023 quis
1393 2958 1489 3002 nosse
1518 2937 1676 3013 voluerit,

538 3043 669 3105 relectis
684 3043 896 3107 auctoritatis
911 3043 985 3121 ejus
995 3043 1183 3126 privilegiis
1194 3043 1340 3124 pleniter
1354 3042 1527 3103 addiscere
1541 3040 1676 3120 poterit.

484 3163 514 3200 20
541 3145 615 3220 Que
636 3143 812 3225 privilegia
834 3145 912 3207 licet
932 3163 974 3206 ex
995 3163 1119 3225 magne
1142 3144 1332 3206 devotionis
1349 3143 1470 3206 affectu
1488 3142 1678 3205 condidisse

539 3246 722 3319 videretur,
738 3264 874 3308 moroso
889 3257 1004 3308 tamen
1019 3246 1161 3307 consilio
1175 3255 1207 3307 et
1223 3247 1338 3323 sepius
1353 3246 1525 3319 ventilat0,
1538 3261 1679 3306 assensu

536 3346 616 3408 cleri
630 3354 665 3408 et
679 3356 819 3409 senatus
833 3357 867 3409 et
881 3366 1100 3429 quorumque
1118 3347 1287 3408 nobilium
1302 3356 1335 3408 et
1350 3347 1579 3426 sapientium¹
1595 3344 1678 3407 Leo-

536 3446 663 3509 diensis
677 3448 825 3523 ecclesie,
842 3449 899 3510 sed
916 3460 950 3511 et
965 3448 1124 3510 consultu
1142 3448 1398 3527 metropolitani
1413 3447 1466 3508 sui
1484 3446 1677 3508 Hildeboldi

539 3548 772 3611 Coloniensiss
797 3549 978 3629 pontificis,
1002 3550 1233 3612 auctoritates
1252 3549 1356 3610 etiam
1384 3549 1505 3610 Leonis
1532 3547 1678 3609 Romani

472 3670 509 3721 25
537 3647 709 3727 pontificis
737 3660 770 3711 et
798 3651 1014 3712 attestatione
1045 3648 1208 3711 Ludovici
1238 3649 1383 3729 piissimi
1415 3647 1632 3728 imperatoris
1655 3647 1675 3720 ¹,

536 3747 597 3810 filii
624 3750 741 3832 magni
770 3752 894 3825 liaroli,
921 3769 959 3812 ea
985 3750 1136 3812 condidit
1165 3761 1198 3810 et
1227 3750 1387 3811 canonica
1416 3749 1677 3810 confirmatione

568 3947 594 3981 a.
613 3928 864 3997 confrequentione
873 3932 910 3981 A.
924 3960 952 3968 -
971 3931 993 3981 l.
1012 3931 1093 3982 Dans
1104 3930 1142 3993 A,
1157 3931 1220 3982 loco
1230 3939 1348 3993 caponct.
1361 3938 1385 3980 ct
1396 3947 1465 3980 corr.
1478 3947 1509 3979 cn
1523 3929 1677 3981 territorio.

534 4045 568 4054 -
584 4033 607 4066 c.
626 4016 708 4067 Dans
721 4017 758 4079 A,
778 4017 979 4085 Erohengoldi,
998 4017 1097 4067 lecture
1112 4020 1223 4068 vict'eusc
1238 4018 1272 4067 du
1289 4016 1371 4067 scribe
1381 4034 1452 4083 pour
1467 4014 1678 4082 Erclzmgoldm,

529 4105 620 4170 forme
631 4121 742 4154 rmrmne
752 4104 996 4168 d'Erclenwatdus,
1010 4103 1211 4165 Archambaud,
1226 4120 1290 4172 voy.
1304 4104 1341 4154 G.
1356 4103 1474 4164 KURTH,
1487 4102 1539 4153 Les
1549 4104 1678 4169 premicrs

478 4207 510 4258 30
535 4190 623 4240 sic'cles
642 4192 673 4240 de
691 4190 804 4258 l'abbqi'e
826 4192 857 4240 de
880 4190 1086 4248 Sirini-Hubert,
1110 4206 1137 4256 p.
1162 4204 1206 4254 35:
1231 4190 1370 4250 JEANTln',
1392 4190 1442 4239 les
1465 4189 1628 4255 Claront'pues
1649 4188 1678 4237 de

536 4276 741 4338 Salat-Hubert,
759 4276 867 4344 Nancy,
887 4277 959 4342 1867,
977 4293 1004 4343 p.
1025 4293 1032 4326 1
1038 4290 1079 4341 51.
1095 4306 1126 4314 -
1143 4278 1168 4326 d.
1189 4277 1268 4327 Dans
1284 4278 1321 4332 A,
1341 4276 1490 4327 subtractis
1505 4274 1678 4325 secularibus

532 4380 603 4415 corr.
621 4380 674 4428 par
695 4380 746 4413 une
769 4365 843 4413 anain
861 4365 1022 4428 postc'ricurc
1041 4380 1072 4412 cn
1095 4362 1268 4414 secularibus
1291 4361 1449 4413 subtractis.
1468 4389 1500 4397 —
1523 4377 1544 4409 ι.
1570 4360 1678 4426 sapien-

533 4460 595 4499 tum
605 4449 641 4499 A.
653 4449 718 4514 —s.
732 4449 813 4500 Daris
822 4451 859 4507 A,
873 4449 1044 4501 coloniensis
1056 4448 1212 4500 hildeboldi
1225 4465 1293 4498 corr.
1306 4465 1357 4514 par
1370 4464 1421 4497 unc
1433 4449 1507 4497 main
1516 4448 1678 4512 postlrieure

533 4554 565 4586 en
579 4537 607 4586 h.
622 4551 646 4586 c.
665 4565 684 4574 -
707 4554 734 4601 g.
754 4536 891 4587 auctorita
903 4536 940 4588 A.

472 4828 503 4878 35
572 4819 578 4844 ¹
601 4810 766 4873 Hildebold,
779 4812 887 4879 dieque
899 4812 935 4863 de
947 4814 994 4878 785
1007 4815 1023 4862 a
1035 4813 1099 4879 8193
1113 4812 1194 4865 Leon
1207 4812 1258 4875 ΙΙΙ,
1270 4828 1341 4879 pape
1353 4812 1388 4863 de
1402 4825 1448 4877 795
1461 4814 1477 4862 a
1489 4812 1547 4872 816,
1562 4825 1589 4861 12
1599 4812 1674 4879 juin:

534 4897 625 4949 Louis
637 4897 664 4948 le
676 4896 775 4962 Pieux,
788 4913 938 4965 empereur
949 4899 984 4950 de
997 4900 1045 4960 814
1057 4901 1073 4949 a
1084 4900 1143 4960 840.
