4450 6125
615 840 667 923 62
829 842 1141 922 Cantatorium
1170 844 1264 920 sive
1300 837 1550 921 Chronicon

613 1138 744 1200 lanum.
776 1137 935 1214 Quorum
961 1137 1120 1218 religioso
1148 1147 1181 1199 et
1210 1139 1354 1199 honesto
1379 1145 1550 1198 conventu
1576 1136 1647 1198 dux
1672 1135 1767 1198 adeo

610 1239 862 1313 consolabatur,
886 1247 935 1312 ut,
960 1237 1038 1299 licet
1059 1237 1262 1300 infirmitate
1285 1255 1345 1299 sua
1366 1253 1501 1315 semper
1518 1237 1731 1301 increscente
1746 1248 1765 1276 ⁶

611 1348 824 1420 gravaretur,
848 1338 976 1401 auditis
1000 1339 1177 1418 campanis
1200 1337 1327 1419 quibus
1349 1339 1432 1400 hore
1452 1337 1613 1400 canonice
1635 1354 1765 1401 mona·

612 1439 707 1501 chico
728 1439 797 1501 ritu
820 1437 1115 1519 significabantur,
1138 1439 1293 1515 eiusdem
1315 1436 1529 1500 infirmitatis
1548 1438 1648 1519 quasi
1670 1439 1763 1502 obli·

613 1548 680 1616 tus,
697 1541 846 1621 quadam
863 1539 988 1601 mentis
1004 1539 1175 1601 hilaritate
1193 1545 1412 1601 recrearetur.
1437 1538 1566 1602 Interea
1585 1556 1665 1601 curn
1687 1538 1762 1604 vite
1812 1558 1827 1611 s

613 1658 673 1703 sue
698 1639 853 1702 funditus
874 1639 1055 1714 diffideret,
1079 1639 1277 1702 Virdunum
1299 1657 1334 1700 se
1356 1639 1599 1702 devehendum
1620 1641 1760 1717 statuit,

614 1741 672 1804 ubi
694 1741 776 1802 olim
799 1759 834 1802 se
855 1741 1053 1803 condixerat
1069 1740 1217 1820 sepeliri,
1236 1740 1348 1820 gratia
1363 1738 1611 1815 satisfactionis,
1629 1759 1670 1804 ex
1687 1760 1762 1824 quo

612 1843 756 1904 eandem
779 1840 952 1903 civitatem
974 1842 1194 1903 succenderat
1209 1841 1245 1902 in
1261 1840 1469 1902 contumelia
1486 1840 1623 1903 llenrici
1645 1842 1762 1924 impe·

614 1942 801 2005 ratorisl¹.
835 1940 967 2003 Prefixa
997 1960 1077 2003 vero
1105 1942 1161 2003 die
1189 1959 1250 2004 sue
1279 1940 1384 2020 hujus
1411 1941 1594 2005 evectionis
1618 1941 1697 2007 lecit
1722 1963 1761 2007 se

613 2044 767 2123 primurn
780 2042 902 2104 deferri
918 2043 960 2104 ad
977 2042 1152 2105 ecclesiam
1166 2043 1254 2105 beati
1269 2042 1373 2119 Petri,
1387 2043 1446 2105 ubi
1461 2061 1497 2105 se
1507 2045 1761 2110 commendans
1797 2064 1830 2100 ιο

612 2145 686 2218 ejus
708 2142 902 2223 patrociniis
923 2142 1096 2224 simulque
1118 2143 1232 2206 abbati
1253 2152 1288 2206 et
1308 2142 1473 2206 fratribus
1493 2143 1658 2208 ultimum
1683 2148 1760 2210 vale

611 2242 738 2305 faciens
751 2261 831 2306 cum
848 2242 1006 2313 lacrimis,
1024 2243 1125 2323 jussit
1140 2242 1204 2305 sibi
1220 2243 1406 2323 prandium
1422 2244 1458 2305 in
1472 2244 1578 2307 domo
1599 2247 1761 2310 bannalis

611 2343 727 2407 iurni‘
742 2344 867 2423 parari.
886 2344 963 2420 Quo
977 2345 1149 2419 devectus,
1167 2344 1454 2425 prosequentibus
1475 2347 1701 2411 eum'abbate
1724 2356 1759 2410 et

611 2445 683 2508 filio
709 2444 895 2527 multisque
919 2462 961 2507 ex
987 2445 1058 2506 suis
1084 2445 1320 2525 optimatibus,
1344 2462 1424 2507 cum
1451 2445 1559 2507 electo
1583 2463 1602 2508 a
1624 2464 1660 2509 se
1682 2447 1759 2512 loco

611 2565 725 2609 coram
741 2546 843 2609 furno
860 2547 1111 2626 deponeretur:
1130 2545 1241 2622 hujus,
1259 2544 1384 2626 inquit,
1400 2546 1527 2619 officine
1540 2565 1667 2626 semper
1679 2569 1760 2628 pro-
1794 2569 1824 2621 ις

611 2654 747 2710 curator
761 2666 828 2708 esse
838 2647 1030 2720 debuissem,
1044 2649 1075 2707 si
1090 2647 1175 2707 mihi
1188 2647 1339 2724 propicia
1353 2647 1513 2709 divinitas
1527 2653 1575 2710 tol
1590 2650 1679 2711 mele
1692 2671 1758 2732 que

611 2751 701 2828 gessi
713 2765 847 2826 parcere
860 2747 1038 2807 reiecissetc
1054 2738 1075 2811 ³.
1091 2747 1264 2824 Quocum
1280 2745 1460 2822 refecisset,
1472 2748 1759 2815 convenientibus

613 2850 655 2911 ad
689 2867 724 2910 se
758 2848 934 2921 mendicis,
968 2853 1022 2924 (ex
1054 2867 1124 2930 quo
1151 2849 1244 2910 enim
1276 2860 1413 2929 ceperat
1440 2848 1607 2913 infirmari
1641 2852 1758 2917 nullos

613 2950 774 3013 convivas
793 2949 856 3011 nisi
872 2967 1040 3029 pauperes
1055 2951 1180 3012 habere
1197 2949 1331 3026 voluit),
1348 2950 1460 3027 ipsam
1481 2952 1662 3014 bannalem
1680 2953 1757 3017 offi-

614 3052 727 3114 cinam
756 3049 846 3113 furni
873 3049 973 3132 legali
999 3051 1183 3130 donatione
1212 3053 1311 3114 beato
1342 3052 1443 3115 Petro
1471 3053 1692 3129 contradidit,
1721 3067 1761 3122 ut
1793 3075 1829 3112 20

614 3155 650 3215 in
678 3160 887 3233 perpetuum
916 3152 1102 3214 deserviret
1133 3153 1381 3215 monachorum
1410 3152 1561 3227 utilitati,
1589 3153 1669 3217 licet
1695 3158 1761 3221 hoc

614 3251 751 3324 frustra,
769 3252 857 3315 sicut
871 3260 905 3314 et
919 3252 985 3315 alia
1001 3253 1117 3315 omnia
1134 3271 1218 3333 pene
1235 3250 1361 3314 iecerit.
1387 3253 1476 3317 Nam
1497 3255 1539 3316 ab
1562 3256 1695 3332 abbate,
1721 3268 1760 3321 ut

615 3353 856 3426 destinaverat,
883 3352 1078 3414 Virdunum
1105 3352 1285 3425 deductus,
1310 3370 1389 3415 cum
1416 3354 1529 3415 adhuc
1555 3356 1673 3418 vivens
1696 3355 1761 3418 ibi·

649 3588 674 3622 α.
694 3572 882 3639 incresscenle
899 3571 936 3620 Α.
952 3599 980 3607 -
999 3569 1022 3623 b.
1043 3570 1123 3621 Dans
1141 3571 1178 3626 A.
1199 3571 1378 3636 imperatoris
1396 3570 1512 3622 Henrici
1530 3571 1559 3621 in
1575 3572 1759 3638 contumelia,

615 3659 717 3724 corrige
727 3658 828 3707 ensuite
838 3673 937 3707 comnee
948 3657 1083 3707 ci-eessus.
1097 3686 1129 3694 -
1147 3674 1170 3706 c.
1191 3657 1338 3708 voluusset
1350 3657 1387 3708 A.
1790 3677 1824 3727 25

654 4027 661 4054 ¹
681 4017 736 4071 Sur
746 4019 895 4071 l'incendie
906 4022 941 4072 de
952 4021 1077 4078 verdun.
1088 4038 1123 4073 en
1136 4036 1208 4087 1047,
1218 4038 1253 4074 au
1266 4037 1349 4074 cours
1361 4023 1396 4073 de
1409 4021 1434 4073 la
1445 4037 1547 4090 guerre
1560 4023 1762 4080 deGodefroid

617 4117 645 4158 et
658 4106 693 4159 de
707 4105 852 4159 Baudouin
866 4107 899 4169 V,
915 4119 1008 4160 comte
1020 4108 1055 4159 de
1069 4107 1199 4171 Flandre,
1212 4125 1280 4161 avec
1296 4109 1386 4161 Henri
1406 4109 1457 4172 111,
1471 4119 1500 4162 et
1512 4126 1560 4162 sur
1572 4111 1597 4163 la
1609 4110 1761 4178 penitense

616 4194 652 4247 de
671 4192 827 4246 Godelroid
847 4195 897 4246 des
917 4198 998 4262 apres
1019 4195 1176 4258 l’incendie,
1201 4213 1265 4263 voy.
1291 4196 1657 4259 srs1snonvr,ouvr.cire,
1679 4208 1701 4252 t.
1721 4200 1759 4263 11,

618 4296 665 4347 pp.
680 4295 710 4346 19
722 4288 751 4331 et
763 4282 835 4331 suiv.

652 4373 661 4400 ⁸
679 4364 738 4418 cir.
752 4365 947 4428 LAMPRttcrlT,
962 4352 1062 4417 E'tudes
1073 4384 1123 4418 sur
1134 4367 1205 4418 Μαι
1216 4370 1382 4436 renuentique
1392 4369 1423 4418 de
1434 4368 1461 4418 la
1472 4368 1588 4434 France,
1602 4387 1631 4438 p.
1645 4384 1704 4435 244.
1792 4387 1830 4438 30

651 4460 661 4498 ³
680 4451 820 4514 Robaulx,
839 4470 914 4506 eurr.
933 4455 991 4510 cire,
1013 4471 1040 4520 p.
1060 4455 1101 4515 60,
1121 4455 1247 4506 traduit:
1269 4475 1282 4502 e
1300 4454 1418 4506 J'aurais
1435 4456 1473 4507 du
1491 4456 1601 4508 donner
1618 4466 1683 4511 tous
1702 4475 1764 4514 mes

619 4541 695 4592 soins
720 4542 735 4589 a
759 4551 803 4590 cet
829 4540 1049 4603 etablissement,
1075 4543 1096 4592 si
1122 4542 1147 4593 la
1170 4542 1266 4593 divine
1293 4542 1466 4593 Providence
1488 4543 1561 4593 avait
1584 4542 1686 4611 daigne
1715 4560 1764 4599 me

619 4624 779 4692 pardonner
791 4624 832 4676 les
845 4641 928 4677 maux
938 4642 993 4693 que
1003 4627 1048 4693 j'ai
1061 4628 1166 4680 causes.
1182 4646 1195 4675 s
1210 4627 1250 4678 Le
1262 4642 1327 4678 sens
1338 4627 1373 4679 de
1385 4627 1411 4678 la
1424 4626 1545 4679 boulade
1557 4627 1592 4680 de
1603 4626 1764 4685 Godeiroid

619 4721 662 4765 est
681 4719 745 4763 tout
764 4711 894 4764 different
915 4731 921 4765 :
945 4732 958 4761 ι
979 4713 1086 4765 J'eusse
1106 4715 1144 4765 do
1167 4716 1228 4765 etre
1249 4714 1320 4781 (que
1342 4713 1434 4781 n'ai-je
1454 4712 1530 4781 etei)
1548 4722 1628 4767 toute
1650 4731 1695 4768 ma
1716 4718 1764 4772 vie

620 4800 647 4851 le
659 4797 773 4850 iermier
785 4798 820 4849 de
832 4814 863 4850 ce
876 4798 953 4859 four:
968 4800 993 4852 la
1005 4801 1101 4852 divine
1115 4800 1200 4852 bonle
1214 4800 1299 4852 m’ellt
1316 4799 1438 4868 epargne
1449 4800 1519 4851 ainsi
1532 4808 1593 4852 tant
1605 4801 1640 4853 de
1653 4802 1765 4864 ioriaits
1793 4817 1827 4868 35

619 4901 675 4954 que
686 4885 731 4952 J'ai
743 4888 871 4940 commis.
885 4906 898 4935 »
